day;timestamp;product;bid_price_1;bid_volume_1;bid_price_2;bid_volume_2;bid_price_3;bid_volume_3;ask_price_1;ask_volume_1;ask_price_2;ask_volume_2;ask_price_3;ask_volume_3;mid_price;profit_and_loss
-2;0;AMETHYSTS;10002;1;9996;2;9995;29;10004;2;10005;29;;;10003.0;0.0
-2;0;STARFRUIT;5002;1;4997;31;;;5003;31;;;;;5002.5;0.0
-2;100;AMETHYSTS;9996;2;9995;22;;;10004;2;10005;22;;;10000.0;0.0
-2;100;STARFRUIT;4997;24;;;;;5003;2;5004;22;;;5000.0;0.0
-2;200;STARFRUIT;4997;2;4996;20;;;5003;20;;;;;5000.0;0.0
-2;200;AMETHYSTS;9995;20;;;;;10005;20;;;;;10000.0;0.0
-2;300;AMETHYSTS;9996;2;9995;29;;;10004;2;10005;29;;;10000.0;0.0
-2;300;STARFRUIT;4996;31;;;;;5003;31;;;;;4999.5;0.0
-2;400;AMETHYSTS;9996;2;9995;25;;;10004;2;10005;25;;;10000.0;0.0
-2;400;STARFRUIT;4995;27;;;;;5002;27;;;;;4998.5;0.0
-2;500;AMETHYSTS;9995;30;;;;;10002;4;10005;30;;;9998.5;0.0
-2;500;STARFRUIT;4996;30;;;;;5003;30;;;;;4999.5;0.0
-2;600;STARFRUIT;4999;5;4997;6;4996;25;5003;25;;;;;5001.0;0.0
-2;600;AMETHYSTS;10000;5;9995;25;;;10005;25;;;;;10002.5;0.0
-2;700;AMETHYSTS;9995;23;;;;;10005;23;;;;;10000.0;0.0
-2;700;STARFRUIT;4997;2;4996;23;;;5003;23;;;;;5000.0;0.0
-2;800;AMETHYSTS;9996;1;9995;29;;;10004;1;10005;29;;;10000.0;0.0
-2;800;STARFRUIT;4997;30;;;;;5003;1;5004;29;;;5000.0;0.0
-2;900;AMETHYSTS;9996;1;9995;22;;;10004;1;10005;22;;;10000.0;0.0
-2;900;STARFRUIT;4997;23;;;;;5003;1;5004;22;;;5000.0;0.0
-2;1000;STARFRUIT;4996;26;;;;;5001;6;5003;26;;;4998.5;0.0
-2;1000;AMETHYSTS;9995;26;;;;;10005;26;;;;;10000.0;0.0
-2;1100;STARFRUIT;4998;6;4997;26;;;5004;26;;;;;5001.0;0.0
-2;1100;AMETHYSTS;9996;2;9995;24;;;10004;2;10005;24;;;10000.0;0.0
-2;1200;AMETHYSTS;9995;21;;;;;9998;1;10005;21;;;9996.5;20.0
-2;1200;STARFRUIT;4997;21;;;;;5002;8;5004;21;;;4999.5;0.0
-2;1300;STARFRUIT;4997;31;;;;;5003;1;5004;30;;;5000.0;0.0
-2;1300;AMETHYSTS;10002;1;9996;1;9995;30;10004;1;10005;30;;;10003.0;22.0
-2;1400;STARFRUIT;4997;3;4996;25;;;5003;26;;;;;5000.0;0.0
-2;1400;AMETHYSTS;9996;1;9995;25;;;10004;1;10005;25;;;10000.0;24.0
-2;1500;STARFRUIT;4996;27;;;;;5003;27;;;;;4999.5;0.0
-2;1500;AMETHYSTS;9995;27;;;;;10005;27;;;;;10000.0;24.0
-2;1600;AMETHYSTS;9995;29;;;;;10005;29;;;;;10000.0;24.0
-2;1600;STARFRUIT;4996;29;;;;;5001;4;5003;29;;;4998.5;0.0
-2;1700;STARFRUIT;4997;22;;;;;5002;8;5003;2;5004;20;4999.5;0.0
-2;1700;AMETHYSTS;9996;2;9995;20;;;10002;1;10004;2;10005;20;9999.0;24.0
-2;1800;STARFRUIT;4997;1;4996;22;;;5003;23;;;;;5000.0;9.94921875
-2;1800;AMETHYSTS;10002;1;9996;1;9995;22;10004;1;10005;22;;;10003.0;24.0
-2;1900;STARFRUIT;4997;1;4996;28;;;5001;5;5003;29;;;4999.0;9.5
-2;1900;AMETHYSTS;9996;1;9995;28;;;10004;1;10005;28;;;10000.0;26.0
-2;2000;AMETHYSTS;9996;2;9995;24;;;9998;1;10004;2;10005;24;9997.0;26.0
-2;2000;STARFRUIT;4996;26;;;;;5003;26;;;;;4999.5;12.7109375
-2;2100;STARFRUIT;4997;2;4996;25;;;5003;27;;;;;5000.0;9.69921875
-2;2100;AMETHYSTS;9996;2;9995;25;;;10002;3;10004;2;10005;25;9999.0;28.0
-2;2200;STARFRUIT;4997;1;4996;24;;;5001;7;5003;25;;;4999.0;9.03125
-2;2200;AMETHYSTS;9998;8;9996;1;9995;24;10004;1;10005;24;;;10001.0;28.0
-2;2300;STARFRUIT;4997;32;;;;;5003;2;5004;30;;;5000.0;7.8515625
-2;2300;AMETHYSTS;9998;7;9996;2;9995;30;10004;2;10005;30;;;10001.0;28.0
-2;2400;AMETHYSTS;9995;29;;;;;10005;29;;;;;10000.0;28.0
-2;2400;STARFRUIT;4997;28;;;;;5004;29;;;;;5000.5;4.359375
-2;2500;STARFRUIT;4997;3;4996;22;;;5003;23;;;;;5000.0;10.921875
-2;2500;AMETHYSTS;9996;1;9995;22;;;10004;1;10005;22;;;10000.0;28.0
-2;2600;STARFRUIT;4998;3;4997;23;;;5004;23;;;;;5001.0;5.640625
-2;2600;AMETHYSTS;9995;23;;;;;10005;23;;;;;10000.0;28.0
-2;2700;STARFRUIT;4998;26;;;;;5005;26;;;;;5001.5;-10.296875
-2;2700;AMETHYSTS;9998;6;9995;26;;;10005;26;;;;;10001.5;28.0
-2;2800;AMETHYSTS;9995;25;;;;;10005;25;;;;;10000.0;28.0
-2;2800;STARFRUIT;4997;25;;;;;5004;25;;;;;5000.5;1.46875
-2;2900;STARFRUIT;4996;26;;;;;5003;26;;;;;4999.5;13.8828125
-2;2900;AMETHYSTS;9996;1;9995;25;;;10004;1;10005;25;;;10000.0;28.0
-2;3000;STARFRUIT;4997;3;4996;26;;;5003;26;;;;;5000.0;24.6875
-2;3000;AMETHYSTS;9998;1;9995;26;;;10005;26;;;;;10001.5;52.0
-2;3100;STARFRUIT;4996;26;;;;;5001;5;5003;26;;;4998.5;18.671875
-2;3100;AMETHYSTS;9996;2;9995;24;;;10004;2;10005;24;;;10000.0;51.0
-2;3200;AMETHYSTS;9996;1;9995;22;;;10004;1;10005;22;;;10000.0;55.0
-2;3200;STARFRUIT;4996;23;;;;;5001;3;5003;23;;;4998.5;20.6796875
-2;3300;STARFRUIT;4997;2;4996;30;;;5001;2;5003;32;;;4999.0;17.5859375
-2;3300;AMETHYSTS;9996;2;9995;30;;;10004;2;10005;30;;;10000.0;61.0
-2;3400;STARFRUIT;4997;26;;;;;5003;2;5004;24;;;5000.0;13.5703125
-2;3400;AMETHYSTS;9996;2;9995;24;;;10004;2;10005;24;;;10000.0;61.0
-2;3500;STARFRUIT;4997;26;;;;;5004;26;;;;;5000.5;12.40625
-2;3500;AMETHYSTS;9995;26;;;;;10005;26;;;;;10000.0;61.0
-2;3600;AMETHYSTS;9995;21;;;;;9998;4;10005;21;;;9996.5;61.0
-2;3600;STARFRUIT;4997;21;;;;;5004;21;;;;;5000.5;10.828125
-2;3700;STARFRUIT;4998;3;4997;24;;;5004;24;;;;;5001.0;11.7890625
-2;3700;AMETHYSTS;10002;1;9996;1;9995;23;10004;1;10005;23;;;10003.0;61.0
-2;3800;STARFRUIT;4997;25;;;;;5004;25;;;;;5000.5;6.953125
-2;3800;AMETHYSTS;9996;2;9995;23;;;10002;10;10004;2;10005;23;9999.0;63.0
-2;3900;STARFRUIT;4998;2;4997;26;;;5003;1;5004;25;;;5000.5;25.220703125
-2;3900;AMETHYSTS;9998;1;9996;1;9995;25;10004;1;10005;25;;;10001.0;66.0
-2;4000;AMETHYSTS;9996;2;9995;30;;;10004;2;10005;30;;;10000.0;66.0
-2;4000;STARFRUIT;4997;32;;;;;5003;2;5004;30;;;5000.0;25.79296875
-2;4100;STARFRUIT;4997;29;;;;;5003;2;5004;27;;;5000.0;25.0234375
-2;4100;AMETHYSTS;9996;2;9995;27;;;10004;2;10005;27;;;10000.0;66.0
-2;4200;STARFRUIT;4998;2;4997;24;;;5004;26;;;;;5001.0;11.93359375
-2;4200;AMETHYSTS;9996;2;9995;24;;;10002;4;10004;2;10005;24;9999.0;66.0
-2;4300;STARFRUIT;4998;7;4997;22;;;5000;5;5004;22;;;4999.0;15.59375
-2;4300;AMETHYSTS;9995;22;;;;;9998;1;10000;6;10005;22;9996.5;66.0
-2;4400;AMETHYSTS;9995;30;;;;;10005;30;;;;;10000.0;66.0
-2;4400;STARFRUIT;4997;30;;;;;5004;30;;;;;5000.5;20.765625
-2;4500;STARFRUIT;4996;28;;;;;5003;29;;;;;4999.5;23.46875
-2;4500;AMETHYSTS;9996;1;9995;28;;;10002;10;10004;1;10005;28;9999.0;66.0
-2;4600;STARFRUIT;4997;30;;;;;5004;30;;;;;5000.5;18.84375
-2;4600;AMETHYSTS;9996;1;9995;29;;;10002;10;10004;1;10005;29;9999.0;66.0
-2;4700;STARFRUIT;4997;32;;;;;4998;7;5002;3;5003;2;4997.5;17.640625
-2;4700;AMETHYSTS;9996;2;9995;30;;;10004;2;10005;30;;;10000.0;66.0
-2;4800;AMETHYSTS;9998;6;9996;2;9995;22;10004;2;10005;22;;;10001.0;66.0
-2;4800;STARFRUIT;4997;24;;;;;5004;24;;;;;5000.5;10.265625
-2;4900;STARFRUIT;4996;22;;;;;5003;22;;;;;4999.5;18.765625
-2;4900;AMETHYSTS;9995;22;;;;;10002;7;10005;22;;;9998.5;64.0
-2;5000;STARFRUIT;4997;30;;;;;5004;30;;;;;5000.5;9.640625
-2;5000;AMETHYSTS;9998;3;9996;2;9995;28;10004;2;10005;28;;;10001.0;64.0
-2;5100;STARFRUIT;4998;7;4997;30;;;5004;31;;;;;5001.0;3.0546875
-2;5100;AMETHYSTS;9996;1;9995;30;;;10004;1;10005;30;;;10000.0;64.0
-2;5200;AMETHYSTS;9998;9;9996;1;9995;26;10004;1;10005;26;;;10001.0;64.0
-2;5200;STARFRUIT;4998;8;4997;27;;;5003;1;5004;26;;;5000.5;9.875
-2;5300;STARFRUIT;5002;1;4997;21;;;5004;21;;;;;5003.0;8.84375
-2;5300;AMETHYSTS;9996;1;9995;20;;;10004;1;10005;20;;;10000.0;64.0
-2;5400;STARFRUIT;4997;21;;;;;5002;6;5004;21;;;4999.5;1.84375
-2;5400;AMETHYSTS;9995;21;;;;;10005;21;;;;;10000.0;64.0
-2;5500;AMETHYSTS;9995;27;;;;;10005;27;;;;;10000.0;64.0
-2;5500;STARFRUIT;4997;27;;;;;5004;27;;;;;5000.5;1.21875
-2;5600;STARFRUIT;5002;2;4998;28;;;5005;28;;;;;5003.5;-5.9375
-2;5600;AMETHYSTS;9995;28;;;;;10005;28;;;;;10000.0;64.0
-2;5700;STARFRUIT;4999;26;;;;;5006;27;;;;;5002.5;-22.9609375
-2;5700;AMETHYSTS;9998;2;9995;27;;;10005;27;;;;;10001.5;64.0
-2;5800;STARFRUIT;4999;31;;;;;5006;31;;;;;5002.5;-28.1875
-2;5800;AMETHYSTS;9996;1;9995;30;;;10004;1;10005;30;;;10000.0;64.0
-2;5900;AMETHYSTS;9996;2;9995;28;;;10004;2;10005;28;;;10000.0;64.0
-2;5900;STARFRUIT;5000;5;4999;30;;;5005;2;5006;28;;;5002.5;-26.046875
-2;6000;STARFRUIT;4998;30;;;;;5005;30;;;;;5001.5;-20.1875
-2;6000;AMETHYSTS;9995;30;;;;;10005;30;;;;;10000.0;64.0
-2;6100;STARFRUIT;4999;24;;;;;5005;1;5006;24;;;5002.0;-25.078125
-2;6100;AMETHYSTS;9996;1;9995;24;;;10004;1;10005;24;;;10000.0;64.0
-2;6200;STARFRUIT;4999;22;;;;;5005;1;5006;21;;;5002.0;-23.578125
-2;6200;AMETHYSTS;9996;1;9995;21;;;10004;1;10005;21;;;10000.0;64.0
-2;6300;AMETHYSTS;9996;2;9995;23;;;10004;2;10005;23;;;10000.0;64.0
-2;6300;STARFRUIT;4999;7;4998;23;;;5005;25;;;;;5002.0;-22.2109375
-2;6400;STARFRUIT;4999;1;4998;24;;;5005;25;;;;;5002.0;-21.3984375
-2;6400;AMETHYSTS;9996;1;9995;24;;;10004;1;10005;24;;;10000.0;64.0
-2;6500;STARFRUIT;4999;27;;;;;5005;1;5006;26;;;5002.0;-26.3046875
-2;6500;AMETHYSTS;9996;1;9995;26;;;9998;1;10004;1;10005;26;9997.0;64.0
-2;6600;STARFRUIT;4998;26;;;;;5005;26;;;;;5001.5;-18.2109375
-2;6600;AMETHYSTS;9996;2;9995;24;;;10004;2;10005;24;;;10000.0;64.0
-2;6700;AMETHYSTS;9995;20;;;;;10002;3;10005;20;;;9998.5;56.0
-2;6700;STARFRUIT;4999;7;4998;20;;;5005;20;;;;;5002.0;-6.6171875
-2;6800;STARFRUIT;4997;32;;;;;5002;8;5003;2;5004;30;4999.5;11.828125
-2;6800;AMETHYSTS;9996;2;9995;30;;;10004;2;10005;30;;;10000.0;56.0
-2;6900;STARFRUIT;4997;27;;;;;5002;1;5004;27;;;4999.5;2.7734375
-2;6900;AMETHYSTS;9996;1;9995;26;;;10002;5;10004;1;10005;26;9999.0;56.0
-2;7000;STARFRUIT;5002;4;4997;27;;;5004;27;;;;;5003.0;2.2265625
-2;7000;AMETHYSTS;9998;2;9995;27;;;10005;27;;;;;10001.5;56.0
-2;7100;AMETHYSTS;9996;1;9995;29;;;10004;1;10005;29;;;10000.0;56.0
-2;7100;STARFRUIT;4998;30;;;;;5005;30;;;;;5001.5;-9.1953125
-2;7200;STARFRUIT;4998;28;;;;;5005;28;;;;;5001.5;-9.109375
-2;7200;AMETHYSTS;9998;5;9996;1;9995;27;10004;1;10005;27;;;10001.0;56.0
-2;7300;STARFRUIT;4998;6;4997;29;;;5004;31;;;;;5001.0;-3.46875
-2;7300;AMETHYSTS;10002;1;9996;2;9995;29;10004;2;10005;29;;;10003.0;56.0
-2;7400;STARFRUIT;4998;22;;;;;5004;1;5005;22;;;5001.0;-7.078125
-2;7400;AMETHYSTS;9996;1;9995;22;;;10004;1;10005;22;;;10000.0;58.0
-2;7500;AMETHYSTS;9995;25;;;;;10002;10;10005;25;;;9998.5;58.0
-2;7500;STARFRUIT;4998;25;;;;;5005;25;;;;;5001.5;-6.484375
-2;7600;STARFRUIT;4997;22;;;;;5004;22;;;;;5000.5;3.03125
-2;7600;AMETHYSTS;9996;2;9995;20;;;10004;2;10005;20;;;10000.0;58.0
-2;7700;AMETHYSTS;9995;22;;;;;10005;22;;;;;10000.0;58.0
-2;7700;STARFRUIT;4997;21;;;;;5004;22;;;;;5000.5;9.7421875
-2;7800;AMETHYSTS;9998;3;9996;1;9995;22;10004;1;10005;22;;;10001.0;58.0
-2;7800;STARFRUIT;4998;1;4997;22;;;5004;23;;;;;5001.0;-3.6171875
-2;7900;AMETHYSTS;9996;1;9995;26;;;10004;1;10005;26;;;10000.0;58.0
-2;7900;STARFRUIT;4999;4;4998;27;;;5004;1;5005;26;;;5001.5;-6.28125
-2;8000;STARFRUIT;4998;27;;;;;5003;8;5005;27;;;5000.5;-9.421875
-2;8000;AMETHYSTS;9995;27;;;;;10005;27;;;;;10000.0;58.0
-2;8100;AMETHYSTS;9996;1;9995;22;;;10004;1;10005;22;;;10000.0;58.0
-2;8100;STARFRUIT;4998;23;;;;;5004;1;5005;22;;;5001.0;-7.3125
-2;8200;AMETHYSTS;9995;23;;;;;10005;23;;;;;10000.0;80.0
-2;8200;STARFRUIT;4997;23;;;;;5002;1;5004;23;;;4999.5;-2.078125
-2;8300;AMETHYSTS;9996;1;9995;29;;;10004;1;10005;29;;;10000.0;80.0
-2;8300;STARFRUIT;4998;30;;;;;5005;30;;;;;5001.5;-8.8125
-2;8400;STARFRUIT;4998;28;;;;;5005;28;;;;;5001.5;-8.0078125
-2;8400;AMETHYSTS;9995;28;;;;;10005;28;;;;;10000.0;80.0
-2;8500;AMETHYSTS;9998;10;9996;2;9995;29;10004;2;10005;29;;;10001.0;80.0
-2;8500;STARFRUIT;4998;2;4997;29;;;5004;31;;;;;5001.0;-2.234375
-2;8600;AMETHYSTS;9996;1;9995;22;;;10004;1;10005;22;;;10000.0;80.0
-2;8600;STARFRUIT;4997;22;;;;;5004;23;;;;;5000.5;-1.2109375
-2;8700;AMETHYSTS;9998;10;9995;27;;;10005;27;;;;;10001.5;80.0
-2;8700;STARFRUIT;4997;27;;;;;5002;4;5004;27;;;4999.5;5.65625
-2;8800;STARFRUIT;4998;7;4997;25;;;5004;25;;;;;5001.0;4.234375
-2;8800;AMETHYSTS;9995;25;;;;;9998;1;10005;25;;;9996.5;80.0
-2;8900;AMETHYSTS;9998;9;9995;26;;;10005;26;;;;;10001.5;82.0
-2;8900;STARFRUIT;4999;1;4998;26;;;5005;26;;;;;5002.0;-4.296875
-2;9000;AMETHYSTS;9996;2;9995;29;;;10004;2;10005;29;;;10000.0;82.0
-2;9000;STARFRUIT;4997;31;;;;;5004;31;;;;;5000.5;2.046875
-2;9100;AMETHYSTS;9998;3;9996;2;9995;27;10004;2;10005;27;;;10001.0;82.0
-2;9100;STARFRUIT;4998;29;;;;;5005;29;;;;;5001.5;-8.75
-2;9200;STARFRUIT;4997;27;;;;;5002;7;5004;27;;;4999.5;-3.6875
-2;9200;AMETHYSTS;9998;10;9995;27;;;10005;27;;;;;10001.5;82.0
-2;9300;AMETHYSTS;9996;1;9995;20;;;10004;1;10005;20;;;10000.0;82.0
-2;9300;STARFRUIT;4998;21;;;;;5004;1;5005;20;;;5001.0;-4.828125
-2;9400;AMETHYSTS;9998;2;9996;2;9995;21;10004;2;10005;21;;;10001.0;82.0
-2;9400;STARFRUIT;4997;23;;;;;5004;23;;;;;5000.5;1.5234375
-2;9500;AMETHYSTS;9996;1;9995;30;;;10004;1;10005;30;;;10000.0;82.0
-2;9500;STARFRUIT;4998;4;4997;31;;;5004;31;;;;;5001.0;3.21875
-2;9600;STARFRUIT;4997;31;;;;;5004;31;;;;;5000.5;2.875
-2;9600;AMETHYSTS;9996;1;9995;30;;;10004;1;10005;30;;;10000.0;82.0
-2;9700;AMETHYSTS;9995;22;;;;;10002;1;10005;22;;;9998.5;82.0
-2;9700;STARFRUIT;4997;22;;;;;5004;22;;;;;5000.5;6.1796875
-2;9800;AMETHYSTS;9995;26;;;;;10005;26;;;;;10000.0;82.0
-2;9800;STARFRUIT;4997;26;;;;;5004;26;;;;;5000.5;11.515625
-2;9900;AMETHYSTS;9995;25;;;;;10005;25;;;;;10000.0;82.0
-2;9900;STARFRUIT;5001;4;4996;25;;;5003;25;;;;;5002.0;16.6640625
-2;10000;STARFRUIT;4997;8;4996;28;;;5003;28;;;;;5000.0;22.8984375
-2;10000;AMETHYSTS;9995;28;;;;;10005;28;;;;;10000.0;82.0
-2;10100;STARFRUIT;4996;1;4995;24;;;5002;25;;;;;4999.0;23.33203125
-2;10100;AMETHYSTS;9996;1;9995;24;;;10002;3;10004;1;10005;24;9999.0;82.0
-2;10200;AMETHYSTS;9996;2;9995;26;;;10004;2;10005;26;;;10000.0;82.0
-2;10200;STARFRUIT;4996;2;4995;26;;;5002;28;;;;;4999.0;24.17578125
-2;10300;STARFRUIT;5001;1;4997;8;4996;27;5003;27;;;;;5002.0;23.0
-2;10300;AMETHYSTS;9998;4;9995;27;;;10005;27;;;;;10001.5;82.0
-2;10400;STARFRUIT;4997;1;4996;29;;;5003;29;;;;;5000.0;24.626953125
-2;10400;AMETHYSTS;10002;1;9996;1;9995;28;10004;1;10005;28;;;10003.0;82.0
-2;10500;STARFRUIT;4996;31;;;;;5003;31;;;;;4999.5;24.3701171875
-2;10500;AMETHYSTS;9998;4;9996;2;9995;29;10004;2;10005;29;;;10001.0;84.0
-2;10600;AMETHYSTS;9996;2;9995;29;;;10000;4;10004;2;10005;29;9998.0;84.0
-2;10600;STARFRUIT;4997;31;;;;;5000;4;5002;4;5004;31;4998.5;23.39208984375
-2;10700;STARFRUIT;4998;1;4997;28;;;5004;28;;;;;5001.0;23.265625
-2;10700;AMETHYSTS;9998;8;9995;28;;;10005;28;;;;;10001.5;84.0
-2;10800;STARFRUIT;4998;3;4997;24;;;5004;24;;;;;5001.0;23.4482421875
-2;10800;AMETHYSTS;9998;5;9996;2;9995;22;10004;2;10005;22;;;10001.0;84.0
-2;10900;STARFRUIT;4999;7;4998;28;;;5005;28;;;;;5002.0;22.703125
-2;10900;AMETHYSTS;9996;1;9995;27;;;10004;1;10005;27;;;10000.0;84.0
-2;11000;AMETHYSTS;9995;24;;;;;10002;7;10005;24;;;9998.5;84.0
-2;11000;STARFRUIT;5002;7;4997;24;;;5004;24;;;;;5003.0;24.703125
-2;11100;STARFRUIT;4998;21;;;;;5005;21;;;;;5001.5;22.25
-2;11100;AMETHYSTS;9998;3;9995;21;;;10005;21;;;;;10001.5;84.0
-2;11200;STARFRUIT;4998;2;4997;21;;;5004;23;;;;;5001.0;29.1171875
-2;11200;AMETHYSTS;9996;2;9995;21;;;10002;7;10004;2;10005;21;9999.0;92.0
-2;11300;STARFRUIT;4999;3;4998;22;;;5004;1;5005;21;;;5001.5;26.59375
-2;11300;AMETHYSTS;9996;1;9995;21;;;10004;1;10005;21;;;10000.0;92.0
-2;11400;AMETHYSTS;9996;1;9995;25;;;10004;1;10005;25;;;10000.0;92.0
-2;11400;STARFRUIT;4997;26;;;;;5003;1;5004;25;;;5000.0;40.7265625
-2;11500;STARFRUIT;4997;26;;;;;5002;8;5004;26;;;4999.5;37.484375
-2;11500;AMETHYSTS;9996;1;9995;25;;;10002;7;10004;1;10005;25;9999.0;96.0
-2;11600;STARFRUIT;4997;29;;;;;5004;29;;;;;5000.5;36.96875
-2;11600;AMETHYSTS;9996;2;9995;27;;;10002;2;10004;2;10005;27;9999.0;96.0
-2;11700;STARFRUIT;4997;23;;;;;4998;2;5003;2;5004;21;4997.5;43.546875
-2;11700;AMETHYSTS;9996;2;9995;21;;;10004;2;10005;21;;;10000.0;96.0
-2;11800;AMETHYSTS;9998;10;9995;29;;;10000;5;10005;29;;;9999.0;96.0
-2;11800;STARFRUIT;4997;29;;;;;5000;4;5004;29;;;4998.5;37.0
-2;11900;STARFRUIT;4998;32;;;;;5003;3;5004;2;5005;30;5000.5;29.8984375
-2;11900;AMETHYSTS;9996;2;9995;30;;;10004;2;10005;30;;;10000.0;96.0
-2;12000;STARFRUIT;4998;20;;;;;5005;20;;;;;5001.5;29.5859375
-2;12000;AMETHYSTS;10002;1;9995;20;;;10005;20;;;;;10003.5;96.0
-2;12100;STARFRUIT;4998;2;4997;25;;;5002;1;5004;27;;;5000.0;35.109375
-2;12100;AMETHYSTS;9996;2;9995;25;;;10004;2;10005;25;;;10000.0;98.0
-2;12200;AMETHYSTS;9996;2;9995;28;;;10004;2;10005;28;;;10000.0;98.0
-2;12200;STARFRUIT;4998;6;4997;28;;;5004;30;;;;;5001.0;35.453125
-2;12300;STARFRUIT;4998;1;4997;28;;;5004;29;;;;;5001.0;36.703125
-2;12300;AMETHYSTS;9998;6;9996;1;9995;28;10004;1;10005;28;;;10001.0;98.0
-2;12400;STARFRUIT;4999;4;4998;26;;;5005;26;;;;;5002.0;31.2421875
-2;12400;AMETHYSTS;9995;26;;;;;10005;26;;;;;10000.0;98.0
-2;12500;STARFRUIT;4998;19;;;;;5005;20;;;;;5001.5;25.2109375
-2;12500;AMETHYSTS;9995;20;;;;;10005;20;;;;;10000.0;98.0
-2;12600;AMETHYSTS;9995;22;;;;;10005;22;;;;;10000.0;98.0
-2;12600;STARFRUIT;4998;22;;;;;5005;22;;;;;5001.5;30.2734375
-2;12700;STARFRUIT;4998;2;4997;20;;;5004;22;;;;;5001.0;34.453125
-2;12700;AMETHYSTS;9996;2;9995;20;;;10004;2;10005;20;;;10000.0;98.0
-2;12800;STARFRUIT;4997;22;;;;;5004;22;;;;;5000.5;38.4921875
-2;12800;AMETHYSTS;9996;2;9995;20;;;10004;2;10005;20;;;10000.0;98.0
-2;12900;STARFRUIT;4998;7;4997;29;;;5003;1;5004;28;;;5000.5;48.7265625
-2;12900;AMETHYSTS;9996;1;9995;28;;;10002;3;10004;1;10005;28;9999.0;98.0
-2;13000;AMETHYSTS;10002;1;9995;20;;;10005;20;;;;;10003.5;98.0
-2;13000;STARFRUIT;5002;1;4997;6;4996;20;5003;20;;;;;5002.5;53.21875
-2;13100;STARFRUIT;4997;8;4996;25;;;5003;26;;;;;5000.0;53.9296875
-2;13100;AMETHYSTS;9996;1;9995;25;;;10004;1;10005;25;;;10000.0;100.0
-2;13200;STARFRUIT;4997;22;;;;;5002;5;5004;22;;;4999.5;48.71875
-2;13200;AMETHYSTS;9998;2;9995;22;;;10005;22;;;;;10001.5;100.0
-2;13300;STARFRUIT;4998;6;4997;24;;;5004;24;;;;;5001.0;38.734375
-2;13300;AMETHYSTS;9995;24;;;;;10005;24;;;;;10000.0;100.0
-2;13400;AMETHYSTS;9996;2;9995;30;;;10004;2;10005;30;;;10000.0;100.0
-2;13400;STARFRUIT;4997;32;;;;;5004;32;;;;;5000.5;44.875
-2;13500;STARFRUIT;4997;30;;;;;5002;8;5004;30;;;4999.5;40.71875
-2;13500;AMETHYSTS;9995;30;;;;;10005;30;;;;;10000.0;100.0
-2;13600;STARFRUIT;4997;24;;;;;5002;3;5004;25;;;4999.5;44.09375
-2;13600;AMETHYSTS;9995;25;;;;;10002;10;10005;25;;;9998.5;100.0
-2;13700;STARFRUIT;4999;4;4998;21;;;5004;1;5005;20;;;5001.5;28.3984375
-2;13700;AMETHYSTS;9996;1;9995;20;;;9998;4;10004;1;10005;20;9997.0;100.0
-2;13800;AMETHYSTS;9996;2;9995;20;;;10004;2;10005;20;;;10000.0;108.0
-2;13800;STARFRUIT;4999;1;4998;22;;;5004;2;5005;20;;;5001.5;28.7890625
-2;13900;STARFRUIT;4998;22;;;;;5001;6;5003;4;5005;22;4999.5;24.9921875
-2;13900;AMETHYSTS;9996;2;9995;20;;;10000;6;10004;2;10005;20;9998.0;108.0
-2;14000;STARFRUIT;4998;5;4997;27;;;5004;29;;;;;5001.0;32.1015625
-2;14000;AMETHYSTS;9998;5;9996;2;9995;27;10004;2;10005;27;;;10001.0;108.0
-2;14100;STARFRUIT;4997;25;;;;;5002;1;5004;25;;;4999.5;38.25
-2;14100;AMETHYSTS;9996;2;9995;23;;;10004;2;10005;23;;;10000.0;108.0
-2;14200;AMETHYSTS;9995;21;;;;;10005;21;;;;;10000.0;108.0
-2;14200;STARFRUIT;4997;21;;;;;4998;1;5004;21;;;4997.5;36.7421875
-2;14300;STARFRUIT;4997;29;;;;;5004;29;;;;;5000.5;42.2578125
-2;14300;AMETHYSTS;9996;2;9995;27;;;10004;2;10005;27;;;10000.0;108.0
-2;14400;STARFRUIT;4997;30;;;;;5004;30;;;;;5000.5;39.75
-2;14400;AMETHYSTS;9996;1;9995;29;;;10004;1;10005;29;;;10000.0;108.0
-2;14500;AMETHYSTS;9995;24;;;;;10002;1;10005;24;;;9998.5;108.0
-2;14500;STARFRUIT;4997;24;;;;;5004;24;;;;;5000.5;50.9609375
-2;14600;STARFRUIT;4997;28;;;;;5000;2;5004;28;;;4998.5;46.2265625
-2;14600;AMETHYSTS;9996;2;9995;26;;;10000;2;10004;2;10005;26;9998.0;108.0
-2;14700;STARFRUIT;4997;30;;;;;5004;30;;;;;5000.5;52.6953125
-2;14700;AMETHYSTS;9995;30;;;;;10002;7;10005;30;;;9998.5;108.0
-2;14800;STARFRUIT;4997;28;;;;;5004;28;;;;;5000.5;40.3515625
-2;14800;AMETHYSTS;9995;28;;;;;10002;6;10005;28;;;9998.5;108.0
-2;14900;AMETHYSTS;10000;4;9995;26;;;10005;26;;;;;10002.5;108.0
-2;14900;STARFRUIT;5000;4;4997;26;;;5004;26;;;;;5002.0;42.4375
-2;15000;STARFRUIT;5003;8;4998;25;;;5005;25;;;;;5004.0;34.578125
-2;15000;AMETHYSTS;9998;1;9995;25;;;10005;25;;;;;10001.5;108.0
-2;15100;STARFRUIT;4998;5;4997;22;;;5004;22;;;;;5001.0;47.1328125
-2;15100;AMETHYSTS;9995;22;;;;;10005;22;;;;;10000.0;108.0
-2;15200;STARFRUIT;4997;27;;;;;4998;1;5004;27;;;4997.5;43.90625
-2;15200;AMETHYSTS;9998;6;9995;27;;;10005;27;;;;;10001.5;108.0
-2;15300;AMETHYSTS;9995;26;;;;;10002;1;10005;26;;;9998.5;108.0
-2;15300;STARFRUIT;4997;26;;;;;5002;4;5004;26;;;4999.5;52.921875
-2;15400;STARFRUIT;4998;5;4997;30;;;5003;2;5004;28;;;5000.5;56.4296875
-2;15400;AMETHYSTS;9996;2;9995;28;;;9998;1;10004;2;10005;28;9997.0;108.0
-2;15500;STARFRUIT;4997;31;;;;;5002;8;5003;2;5004;29;4999.5;56.265625
-2;15500;AMETHYSTS;10002;1;9996;2;9995;29;10004;2;10005;29;;;10003.0;110.0
-2;15600;STARFRUIT;4997;7;4996;24;;;5003;26;;;;;5000.0;58.5546875
-2;15600;AMETHYSTS;9996;2;9995;24;;;10004;2;10005;24;;;10000.0;112.0
-2;15700;AMETHYSTS;10002;5;9996;1;9995;24;10004;1;10005;24;;;10003.0;112.0
-2;15700;STARFRUIT;4997;25;;;;;5003;1;5004;24;;;5000.0;58.6015625
-2;15800;STARFRUIT;5002;1;4997;22;;;5004;22;;;;;5003.0;52.9609375
-2;15800;AMETHYSTS;9998;10;9996;2;9995;20;10004;2;10005;20;;;10001.0;122.0
-2;15900;STARFRUIT;4997;31;;;;;5000;6;5002;2;5004;31;4998.5;48.03125
-2;15900;AMETHYSTS;9996;2;9995;29;;;10000;6;10004;2;10005;29;9998.0;122.0
-2;16000;STARFRUIT;4997;29;;;;;5002;2;5004;29;;;4999.5;52.2734375
-2;16000;AMETHYSTS;9996;2;9995;27;;;10002;6;10004;2;10005;27;9999.0;122.0
-2;16100;AMETHYSTS;9995;21;;;;;10000;2;10002;10;10005;21;9997.5;122.0
-2;16100;STARFRUIT;4997;21;;;;;5000;2;5004;21;;;4998.5;59.34765625
-2;16200;STARFRUIT;4996;24;;;;;4998;1;5003;24;;;4997.0;63.5234375
-2;16200;AMETHYSTS;9995;24;;;;;9998;1;10005;24;;;9996.5;122.0
-2;16300;STARFRUIT;4997;2;4996;23;;;5003;23;;;;;5000.0;66.1953125
-2;16300;AMETHYSTS;9996;1;9995;22;;;10004;1;10005;22;;;10000.0;124.0
-2;16400;STARFRUIT;4996;2;4995;30;;;5002;32;;;;;4999.0;76.3515625
-2;16400;AMETHYSTS;9996;2;9995;30;;;10002;3;10004;2;10005;30;9999.0;124.0
-2;16500;AMETHYSTS;9996;2;9995;21;;;10002;7;10004;2;10005;21;9999.0;124.0
-2;16500;STARFRUIT;4996;23;;;;;5002;2;5003;21;;;4999.0;72.765625
-2;16600;STARFRUIT;4996;29;;;;;5002;2;5003;28;;;4999.0;73.91796875
-2;16600;AMETHYSTS;9998;4;9996;2;9995;28;10004;2;10005;28;;;10001.0;124.0
-2;16700;AMETHYSTS;10002;1;9995;26;;;10005;26;;;;;10003.5;124.0
-2;16700;STARFRUIT;5001;1;4995;26;;;5002;26;;;;;5001.5;75.1328125
-2;16800;AMETHYSTS;9995;26;;;;;10005;26;;;;;10000.0;126.0
-2;16800;STARFRUIT;4996;26;;;;;5003;26;;;;;4999.5;72.32421875
-2;16900;AMETHYSTS;9996;1;9995;25;;;10004;1;10005;25;;;10000.0;136.0
-2;16900;STARFRUIT;4996;26;;;;;5003;26;;;;;4999.5;68.87890625
-2;17000;STARFRUIT;4996;29;;;;;5003;29;;;;;4999.5;67.7421875
-2;17000;AMETHYSTS;9998;9;9995;29;;;10005;29;;;;;10001.5;136.0
-2;17100;AMETHYSTS;9996;2;9995;21;;;10004;2;10005;21;;;10000.0;136.0
-2;17100;STARFRUIT;4996;23;;;;;5002;2;5003;21;;;4999.0;72.4609375
-2;17200;AMETHYSTS;9998;3;9996;2;9995;22;10004;2;10005;22;;;10001.0;136.0
-2;17200;STARFRUIT;4996;24;;;;;5003;24;;;;;4999.5;70.265625
-2;17300;AMETHYSTS;9996;2;9995;23;;;10002;9;10004;2;10005;23;9999.0;136.0
-2;17300;STARFRUIT;4996;25;;;;;5001;6;5003;25;;;4998.5;67.578125
-2;17400;STARFRUIT;4999;6;4996;28;;;5003;28;;;;;5001.0;73.578125
-2;17400;AMETHYSTS;10000;6;9998;7;9995;28;10005;28;;;;;10002.5;136.0
-2;17500;AMETHYSTS;9995;26;;;;;10005;26;;;;;10000.0;136.0
-2;17500;STARFRUIT;4996;26;;;;;5003;26;;;;;4999.5;66.53125
-2;17600;AMETHYSTS;9998;6;9995;30;;;10005;30;;;;;10001.5;136.0
-2;17600;STARFRUIT;4996;30;;;;;5003;30;;;;;4999.5;63.1015625
-2;17700;AMETHYSTS;9996;2;9995;27;;;10004;2;10005;27;;;10000.0;136.0
-2;17700;STARFRUIT;5001;1;4996;2;4995;27;5002;29;;;;;5001.5;76.453125
-2;17800;STARFRUIT;4996;26;;;;;5002;2;5003;24;;;4999.0;75.640625
-2;17800;AMETHYSTS;9996;2;9995;24;;;10002;5;10004;2;10005;24;9999.0;136.0
-2;17900;AMETHYSTS;9995;23;;;;;10005;23;;;;;10000.0;136.0
-2;17900;STARFRUIT;4995;23;;;;;5002;23;;;;;4998.5;84.21875
-2;18000;AMETHYSTS;9996;2;9995;25;;;10004;2;10005;25;;;10000.0;136.0
-2;18000;STARFRUIT;4996;2;4995;25;;;5002;27;;;;;4999.0;76.5390625
-2;18100;AMETHYSTS;9995;20;;;;;10005;20;;;;;10000.0;136.0
-2;18100;STARFRUIT;4996;20;;;;;5003;20;;;;;4999.5;71.0859375
-2;18200;STARFRUIT;4995;25;;;;;4997;4;5002;26;;;4996.0;78.5703125
-2;18200;AMETHYSTS;9996;1;9995;25;;;10004;1;10005;25;;;10000.0;136.0
-2;18300;AMETHYSTS;9996;2;9995;23;;;10004;2;10005;23;;;10000.0;136.0
-2;18300;STARFRUIT;4995;25;;;;;5002;25;;;;;4998.5;90.5625
-2;18400;AMETHYSTS;9996;2;9995;23;;;10004;2;10005;23;;;10000.0;136.0
-2;18400;STARFRUIT;4995;25;;;;;5000;5;5002;25;;;4997.5;88.96875
-2;18500;AMETHYSTS;9995;29;;;;;10000;2;10005;29;;;9997.5;136.0
-2;18500;STARFRUIT;4995;29;;;;;4998;1;5002;29;;;4996.5;90.4140625
-2;18600;STARFRUIT;4996;20;;;;;5001;5;5003;20;;;4998.5;81.3125
-2;18600;AMETHYSTS;10002;1;9995;20;;;10005;20;;;;;10003.5;136.0
-2;18700;AMETHYSTS;9995;22;;;;;10005;22;;;;;10000.0;138.0
-2;18700;STARFRUIT;4996;22;;;;;5003;22;;;;;4999.5;76.8984375
-2;18800;AMETHYSTS;9996;2;9995;26;;;10004;2;10005;26;;;10000.0;138.0
-2;18800;STARFRUIT;4996;28;;;;;5002;2;5003;26;;;4999.0;78.59375
-2;18900;STARFRUIT;4996;22;;;;;5003;22;;;;;4999.5;73.7890625
-2;18900;AMETHYSTS;9998;2;9995;22;;;10005;22;;;;;10001.5;138.0
-2;19000;STARFRUIT;4995;28;;;;;4996;10;5002;28;;;4995.5;88.375
-2;19000;AMETHYSTS;9996;2;9995;26;;;10004;2;10005;26;;;10000.0;138.0
-2;19100;STARFRUIT;4996;2;4995;26;;;5002;28;;;;;4999.0;113.8515625
-2;19100;AMETHYSTS;9996;2;9995;26;;;10004;2;10005;26;;;10000.0;138.0
-2;19200;AMETHYSTS;9996;1;9995;20;;;9998;1;10004;1;10005;20;9997.0;138.0
-2;19200;STARFRUIT;4996;21;;;;;5002;1;5003;20;;;4999.0;111.09765625
-2;19300;STARFRUIT;4996;23;;;;;5002;2;5003;21;;;4999.0;111.67578125
-2;19300;AMETHYSTS;9996;2;9995;21;;;10004;2;10005;21;;;10000.0;140.0
-2;19400;STARFRUIT;4995;26;;;;;5002;26;;;;;4998.5;113.9453125
-2;19400;AMETHYSTS;9995;26;;;;;10005;26;;;;;10000.0;142.0
-2;19500;STARFRUIT;4995;23;;;;;5002;23;;;;;4998.5;112.1484375
-2;19500;AMETHYSTS;9995;23;;;;;10005;23;;;;;10000.0;142.0
-2;19600;AMETHYSTS;9996;2;9995;27;;;10004;2;10005;27;;;10000.0;142.0
-2;19600;STARFRUIT;4997;2;4996;27;;;5003;29;;;;;5000.0;105.91015625
-2;19700;STARFRUIT;4997;1;4996;30;;;5001;7;5003;32;;;4999.0;93.8984375
-2;19700;AMETHYSTS;10002;1;9996;2;9995;30;10004;2;10005;30;;;10003.0;142.0
-2;19800;STARFRUIT;4996;31;;;;;5003;31;;;;;4999.5;89.6875
-2;19800;AMETHYSTS;9996;2;9995;29;;;10004;2;10005;29;;;10000.0;144.0
-2;19900;STARFRUIT;4997;2;4996;30;;;5003;32;;;;;5000.0;74.546875
-2;19900;AMETHYSTS;9996;2;9995;30;;;10004;2;10005;30;;;10000.0;144.0
-2;20000;AMETHYSTS;9995;27;;;;;10002;4;10005;27;;;9998.5;144.0
-2;20000;STARFRUIT;4997;2;4996;27;;;5003;27;;;;;5000.0;86.8046875
-2;20100;STARFRUIT;4996;31;;;;;5001;4;5003;31;;;4998.5;83.015625
-2;20100;AMETHYSTS;10002;1;9996;1;9995;30;10004;1;10005;30;;;10003.0;144.0
-2;20200;STARFRUIT;4996;29;;;;;5003;29;;;;;4999.5;87.4375
-2;20200;AMETHYSTS;9995;29;;;;;9998;1;10005;29;;;9996.5;146.0
-2;20300;STARFRUIT;4996;27;;;;;4997;1;5003;27;;;4996.5;80.40625
-2;20300;AMETHYSTS;9995;27;;;;;10005;27;;;;;10000.0;148.0
-2;20400;AMETHYSTS;9996;1;9995;28;;;10000;4;10004;1;10005;28;9998.0;148.0
-2;20400;STARFRUIT;4997;1;4996;29;;;4999;4;5002;1;5003;28;4998.0;86.8515625
-2;20500;STARFRUIT;4999;4;4997;5;4996;32;5003;32;;;;;5001.0;76.84375
-2;20500;AMETHYSTS;10000;3;9996;2;9995;30;10004;2;10005;30;;;10002.0;148.0
-2;20600;STARFRUIT;4997;2;4996;26;;;5003;28;;;;;5000.0;74.5859375
-2;20600;AMETHYSTS;9996;2;9995;26;;;10004;2;10005;26;;;10000.0;148.0
-2;20700;STARFRUIT;4999;6;4996;22;;;5003;22;;;;;5001.0;87.6796875
-2;20700;AMETHYSTS;10002;1;10000;6;9998;4;10005;22;;;;;10003.5;148.0
-2;20800;AMETHYSTS;9996;2;9995;22;;;10004;2;10005;22;;;10000.0;150.0
-2;20800;STARFRUIT;4995;24;;;;;5002;24;;;;;4998.5;102.625
-2;20900;STARFRUIT;5000;1;4995;23;;;5002;23;;;;;5001.0;105.0390625
-2;20900;AMETHYSTS;9995;23;;;;;10005;23;;;;;10000.0;150.0
-2;21000;STARFRUIT;4996;2;4995;26;;;5002;28;;;;;4999.0;95.2578125
-2;21000;AMETHYSTS;9996;2;9995;26;;;10004;2;10005;26;;;10000.0;150.0
-2;21100;STARFRUIT;4996;2;4995;22;;;5002;24;;;;;4999.0;94.3125
-2;21100;AMETHYSTS;9996;2;9995;22;;;10004;2;10005;22;;;10000.0;150.0
-2;21200;AMETHYSTS;9995;22;;;;;9998;1;10005;22;;;9996.5;150.0
-2;21200;STARFRUIT;4995;22;;;;;5002;22;;;;;4998.5;93.8203125
-2;21300;STARFRUIT;4996;1;4995;29;;;5002;30;;;;;4999.0;95.6171875
-2;21300;AMETHYSTS;9996;1;9995;29;;;10002;7;10004;1;10005;29;9999.0;152.0
-2;21400;STARFRUIT;4996;28;;;;;5003;28;;;;;4999.5;90.046875
-2;21400;AMETHYSTS;9995;28;;;;;10005;28;;;;;10000.0;160.0
-2;21500;STARFRUIT;5000;4;4996;21;;;5002;1;5003;20;;;5001.0;87.203125
-2;21500;AMETHYSTS;9996;1;9995;20;;;10004;1;10005;20;;;10000.0;160.0
-2;21600;AMETHYSTS;10002;12;9996;2;9995;25;10004;2;10005;25;;;10003.0;160.0
-2;21600;STARFRUIT;4996;27;;;;;5003;27;;;;;4999.5;85.1015625
-2;21700;STARFRUIT;4996;2;4995;29;;;5002;31;;;;;4999.0;92.5703125
-2;21700;AMETHYSTS;9998;8;9996;2;9995;29;10004;2;10005;29;;;10001.0;182.0
-2;21800;STARFRUIT;4996;24;;;;;5003;24;;;;;4999.5;83.59375
-2;21800;AMETHYSTS;9996;2;9995;22;;;10004;2;10005;22;;;10000.0;182.0
-2;21900;STARFRUIT;4997;1;4996;21;;;5003;22;;;;;5000.0;73.2890625
-2;21900;AMETHYSTS;10002;3;9996;1;9995;21;10004;1;10005;21;;;10003.0;182.0
-2;22000;AMETHYSTS;9995;21;;;;;10005;21;;;;;10000.0;182.0
-2;22000;STARFRUIT;4996;21;;;;;5003;21;;;;;4999.5;83.1640625
-2;22100;STARFRUIT;4997;23;;;;;5004;24;;;;;5000.5;65.75
-2;22100;AMETHYSTS;9996;2;9995;22;;;10002;7;10004;2;10005;22;9999.0;182.0
-2;22200;STARFRUIT;4997;21;;;;;5004;21;;;;;5000.5;60.2890625
-2;22200;AMETHYSTS;9998;6;9996;1;9995;20;10004;1;10005;20;;;10001.0;182.0
-2;22300;STARFRUIT;4997;29;;;;;5004;29;;;;;5000.5;64.0
-2;22300;AMETHYSTS;9996;1;9995;28;;;10004;1;10005;28;;;10000.0;193.0
-2;22400;AMETHYSTS;9996;2;9995;27;;;9998;1;10004;2;10005;27;9997.0;193.0
-2;22400;STARFRUIT;4996;29;;;;;5003;29;;;;;4999.5;78.4375
-2;22500;STARFRUIT;4997;2;4996;29;;;5003;31;;;;;5000.0;73.484375
-2;22500;AMETHYSTS;9996;2;9995;29;;;10004;2;10005;29;;;10000.0;195.0
-2;22600;STARFRUIT;5000;6;4998;4;4997;22;5003;2;5004;20;;;5001.5;69.2734375
-2;22600;AMETHYSTS;10000;6;9998;6;9996;2;10004;2;10005;20;;;10002.0;195.0
-2;22700;STARFRUIT;4997;1;4996;24;;;5003;26;;;;;5000.0;73.796875
-2;22700;AMETHYSTS;9996;2;9995;24;;;10004;2;10005;24;;;10000.0;195.0
-2;22800;AMETHYSTS;9996;1;9995;27;;;9998;2;10004;1;10005;27;9997.0;195.0
-2;22800;STARFRUIT;4996;27;;;;;5002;1;5003;27;;;4999.0;87.359375
-2;22900;STARFRUIT;4996;32;;;;;5003;32;;;;;4999.5;78.875
-2;22900;AMETHYSTS;9996;2;9995;30;;;10002;8;10004;2;10005;30;9999.0;199.0
-2;23000;STARFRUIT;4996;22;;;;;5003;22;;;;;4999.5;83.3359375
-2;23000;AMETHYSTS;9996;1;9995;21;;;10004;1;10005;21;;;10000.0;199.0
-2;23100;STARFRUIT;4996;23;;;;;5003;23;;;;;4999.5;86.9296875
-2;23100;AMETHYSTS;9998;8;9995;23;;;10005;23;;;;;10001.5;199.0
-2;23200;AMETHYSTS;9998;5;9996;2;9995;29;10004;2;10005;29;;;10001.0;199.0
-2;23200;STARFRUIT;4997;31;;;;;5002;3;5004;31;;;4999.5;65.40625
-2;23300;STARFRUIT;4998;30;;;;;5004;1;5005;29;;;5001.0;49.3046875
-2;23300;AMETHYSTS;9996;1;9995;29;;;10004;1;10005;29;;;10000.0;199.0
-2;23400;STARFRUIT;4998;30;;;;;5005;30;;;;;5001.5;42.1015625
-2;23400;AMETHYSTS;9996;1;9995;29;;;10004;1;10005;29;;;10000.0;199.0
-2;23500;AMETHYSTS;9998;8;9996;2;9995;28;10004;2;10005;28;;;10001.0;199.0
-2;23500;STARFRUIT;4998;29;;;;;5003;4;5005;30;;;5000.5;45.5625
-2;23600;STARFRUIT;4998;27;;;;;5005;27;;;;;5001.5;40.6640625
-2;23600;AMETHYSTS;9995;27;;;;;10005;27;;;;;10000.0;199.0
-2;23700;STARFRUIT;4997;23;;;;;5002;7;5004;23;;;4999.5;57.9453125
-2;23700;AMETHYSTS;10002;1;9996;2;9995;21;10004;2;10005;21;;;10003.0;199.0
-2;23800;STARFRUIT;5003;1;4997;30;;;5004;30;;;;;5003.5;57.15625
-2;23800;AMETHYSTS;9995;30;;;;;10005;30;;;;;10000.0;217.0
-2;23900;AMETHYSTS;9995;30;;;;;10005;30;;;;;10000.0;217.0
-2;23900;STARFRUIT;5002;1;4998;1;4997;30;5004;30;;;;;5003.0;62.9296875
-2;24000;STARFRUIT;4996;29;;;;;5003;29;;;;;4999.5;72.6796875
-2;24000;AMETHYSTS;9998;9;9995;29;;;10005;29;;;;;10001.5;217.0
-2;24100;STARFRUIT;4996;26;;;;;5001;3;5003;26;;;4998.5;84.671875
-2;24100;AMETHYSTS;9996;1;9995;25;;;10004;1;10005;25;;;10000.0;217.0
-2;24200;STARFRUIT;4996;30;;;;;5003;30;;;;;4999.5;80.7109375
-2;24200;AMETHYSTS;9996;2;9995;28;;;10002;6;10004;2;10005;28;9999.0;233.0
-2;24300;AMETHYSTS;9996;2;9995;24;;;10002;1;10004;2;10005;24;9999.0;233.0
-2;24300;STARFRUIT;4996;26;;;;;5003;26;;;;;4999.5;80.0546875
-2;24400;STARFRUIT;5002;1;4996;22;;;5003;22;;;;;5002.5;78.859375
-2;24400;AMETHYSTS;10002;1;9998;4;9996;1;10004;1;10005;21;;;10003.0;233.0
-2;24500;STARFRUIT;4997;1;4996;25;;;5003;26;;;;;5000.0;72.4921875
-2;24500;AMETHYSTS;10002;1;9996;1;9995;25;10004;1;10005;25;;;10003.0;235.0
-2;24600;STARFRUIT;4996;24;;;;;5001;2;5003;24;;;4998.5;82.1875
-2;24600;AMETHYSTS;9995;24;;;;;9998;2;10005;24;;;9996.5;241.0
-2;24700;AMETHYSTS;9995;25;;;;;10005;25;;;;;10000.0;245.0
-2;24700;STARFRUIT;4996;25;;;;;5003;25;;;;;4999.5;90.5703125
-2;24800;STARFRUIT;4995;23;;;;;5002;23;;;;;4998.5;102.609375
-2;24800;AMETHYSTS;9995;23;;;;;10005;23;;;;;10000.0;245.0
-2;24900;STARFRUIT;4999;4;4995;23;;;5002;23;;;;;5000.5;104.8984375
-2;24900;AMETHYSTS;10002;1;9996;1;9995;22;10004;1;10005;22;;;10003.0;245.0
-2;25000;STARFRUIT;4995;23;;;;;5002;23;;;;;4998.5;99.7578125
-2;25000;AMETHYSTS;9995;23;;;;;10005;23;;;;;10000.0;247.0
-2;25100;AMETHYSTS;10002;1;9995;25;;;10005;25;;;;;10003.5;247.0
-2;25100;STARFRUIT;4995;25;;;;;5000;4;5002;25;;;4997.5;100.7890625
-2;25200;STARFRUIT;4996;1;4995;24;;;5000;3;5002;25;;;4998.0;96.453125
-2;25200;AMETHYSTS;9996;1;9995;24;;;9998;5;10004;1;10005;24;9997.0;249.0
-2;25300;STARFRUIT;4996;2;4995;24;;;5002;24;;;;;4999.0;104.4609375
-2;25300;AMETHYSTS;9996;2;9995;22;;;10004;2;10005;22;;;10000.0;259.0
-2;25400;AMETHYSTS;9996;1;9995;29;;;10004;1;10005;29;;;10000.0;259.0
-2;25400;STARFRUIT;5000;8;4995;30;;;5001;1;5002;29;;;5000.5;107.65625
-2;25500;AMETHYSTS;9996;1;9995;20;;;9998;6;10002;9;10004;1;9997.0;259.0
-2;25500;STARFRUIT;4995;1;4994;20;;;5001;21;;;;;4998.0;112.859375
-2;25600;STARFRUIT;4995;8;4994;23;;;5001;23;;;;;4998.0;121.3203125
-2;25600;AMETHYSTS;9996;1;9995;22;;;10002;7;10004;1;10005;22;9999.0;271.0
-2;25700;AMETHYSTS;9996;2;9995;30;;;10004;2;10005;30;;;10000.0;271.0
-2;25700;STARFRUIT;4995;32;;;;;5000;6;5001;2;5002;30;4997.5;108.75
-2;25800;AMETHYSTS;10002;4;9995;24;;;10005;24;;;;;10003.5;271.0
-2;25800;STARFRUIT;4995;23;;;;;5002;24;;;;;4998.5;102.984375
-2;25900;AMETHYSTS;9996;2;9995;23;;;10004;2;10005;23;;;10000.0;279.0
-2;25900;STARFRUIT;4995;25;;;;;5001;2;5002;23;;;4998.0;108.15625
-2;26000;STARFRUIT;4994;27;;;;;4995;5;5001;29;;;4994.5;113.359375
-2;26000;AMETHYSTS;9996;2;9995;27;;;10004;2;10005;27;;;10000.0;279.0
-2;26100;AMETHYSTS;9998;7;9995;20;;;10005;20;;;;;10001.5;279.0
-2;26100;STARFRUIT;4994;20;;;;;5001;20;;;;;4997.5;127.65625
-2;26200;AMETHYSTS;9996;1;9995;22;;;10004;1;10005;22;;;10000.0;279.0
-2;26200;STARFRUIT;4994;23;;;;;5000;1;5001;22;;;4997.0;134.1484375
-2;26300;AMETHYSTS;9996;1;9995;29;;;9998;1;10004;1;10005;29;9997.0;279.0
-2;26300;STARFRUIT;4994;30;;;;;5001;30;;;;;4997.5;131.3515625
-2;26400;STARFRUIT;4994;5;4993;22;;;5000;22;;;;;4997.0;139.234375
-2;26400;AMETHYSTS;9995;22;;;;;10005;22;;;;;10000.0;281.0
-2;26500;AMETHYSTS;9996;1;9995;23;;;10004;1;10005;23;;;10000.0;281.0
-2;26500;STARFRUIT;4993;24;;;;;5000;24;;;;;4996.5;141.609375
-2;26600;AMETHYSTS;9996;2;9995;28;;;9998;1;10004;2;10005;28;9997.0;281.0
-2;26600;STARFRUIT;4994;6;4993;30;;;5000;30;;;;;4997.0;148.1484375
-2;26700;AMETHYSTS;9998;2;9996;1;9995;23;10004;1;10005;23;;;10001.0;283.0
-2;26700;STARFRUIT;4993;24;;;;;4998;6;4999;1;5000;23;4995.5;151.109375
-2;26800;STARFRUIT;4998;1;4992;30;;;4999;30;;;;;4998.5;160.1328125
-2;26800;AMETHYSTS;9996;2;9995;28;;;10004;2;10005;28;;;10000.0;283.0
-2;26900;AMETHYSTS;10002;1;9995;30;;;10005;30;;;;;10003.5;283.0
-2;26900;STARFRUIT;4991;30;;;;;4992;1;4998;30;;;4991.5;170.7890625
-2;27000;AMETHYSTS;9995;28;;;;;10002;1;10005;28;;;9998.5;285.0
-2;27000;STARFRUIT;4992;2;4991;28;;;4998;28;;;;;4995.0;179.90625
-2;27100;AMETHYSTS;9995;24;;;;;10005;24;;;;;10000.0;285.0
-2;27100;STARFRUIT;4992;3;4991;24;;;4998;24;;;;;4995.0;184.25
-2;27200;STARFRUIT;4991;21;;;;;4996;2;4998;21;;;4993.5;186.140625
-2;27200;AMETHYSTS;9998;2;9995;21;;;10005;21;;;;;10001.5;285.0
-2;27300;AMETHYSTS;9996;2;9995;29;;;10004;2;10005;29;;;10000.0;285.0
-2;27300;STARFRUIT;4996;1;4991;31;;;4997;2;4998;29;;;4996.5;185.7109375
-2;27400;AMETHYSTS;9995;21;;;;;10005;21;;;;;10000.0;285.0
-2;27400;STARFRUIT;4991;21;;;;;4998;21;;;;;4994.5;177.1875
-2;27500;AMETHYSTS;9996;1;9995;22;;;10004;1;10005;22;;;10000.0;285.0
-2;27500;STARFRUIT;4992;23;;;;;4997;6;4998;1;4999;22;4994.5;171.7109375
-2;27600;STARFRUIT;4993;6;4992;24;;;4999;24;;;;;4996.0;173.4296875
-2;27600;AMETHYSTS;9998;5;9995;24;;;10005;24;;;;;10001.5;285.0
-2;27700;STARFRUIT;4992;24;;;;;4993;5;4999;24;;;4992.5;168.53125
-2;27700;AMETHYSTS;9995;24;;;;;10005;24;;;;;10000.0;285.0
-2;27800;AMETHYSTS;9998;9;9996;2;9995;26;10004;2;10005;26;;;10001.0;285.0
-2;27800;STARFRUIT;4992;28;;;;;4997;3;4998;2;4999;26;4994.5;183.4453125
-2;27900;STARFRUIT;4998;1;4992;29;;;4999;29;;;;;4998.5;176.53125
-2;27900;AMETHYSTS;9996;2;9995;27;;;10002;4;10004;2;10005;27;9999.0;285.0
-2;28000;STARFRUIT;4992;28;;;;;4999;28;;;;;4995.5;176.07421875
-2;28000;AMETHYSTS;9998;2;9995;28;;;10005;28;;;;;10001.5;285.0
-2;28100;STARFRUIT;4992;26;;;;;4999;26;;;;;4995.5;183.1015625
-2;28100;AMETHYSTS;9996;2;9995;24;;;10004;2;10005;24;;;10000.0;285.0
-2;28200;AMETHYSTS;9996;1;9995;25;;;9998;2;10004;1;10005;25;9997.0;285.0
-2;28200;STARFRUIT;4992;26;;;;;4997;5;4999;26;;;4994.5;179.203125
-2;28300;STARFRUIT;4993;1;4992;23;;;4994;2;4999;24;;;4993.5;179.296875
-2;28300;AMETHYSTS;9996;1;9995;23;;;10004;1;10005;23;;;10000.0;289.0
-2;28400;STARFRUIT;4992;1;4991;23;;;4998;25;;;;;4995.0;199.1875
-2;28400;AMETHYSTS;9996;2;9995;23;;;10004;2;10005;23;;;10000.0;289.0
-2;28500;STARFRUIT;4991;23;;;;;4998;23;;;;;4994.5;203.6640625
-2;28500;AMETHYSTS;9998;10;9995;23;;;10005;23;;;;;10001.5;289.0
-2;28600;AMETHYSTS;10002;1;9996;2;9995;21;10004;2;10005;21;;;10003.0;289.0
-2;28600;STARFRUIT;4991;23;;;;;4996;8;4998;23;;;4993.5;206.5078125
-2;28700;STARFRUIT;4990;30;;;;;4997;30;;;;;4993.5;218.03125
-2;28700;AMETHYSTS;9995;30;;;;;10005;30;;;;;10000.0;291.0
-2;28800;STARFRUIT;4990;27;;;;;4997;27;;;;;4993.5;224.4140625
-2;28800;AMETHYSTS;9995;27;;;;;10005;27;;;;;10000.0;291.0
-2;28900;STARFRUIT;4990;5;4989;21;;;4996;22;;;;;4993.0;230.0859375
-2;28900;AMETHYSTS;9998;7;9996;1;9995;21;10004;1;10005;21;;;10001.0;291.0
-2;29000;AMETHYSTS;9995;24;;;;;10005;24;;;;;10000.0;291.0
-2;29000;STARFRUIT;4989;24;;;;;4990;1;4996;24;;;4989.5;227.0703125
-2;29100;STARFRUIT;4991;3;4990;28;;;4996;2;4997;26;;;4993.5;228.3984375
-2;29100;AMETHYSTS;9996;2;9995;26;;;10004;2;10005;26;;;10000.0;291.0
-2;29200;STARFRUIT;4996;1;4991;31;;;4997;1;4998;30;;;4996.5;213.78125
-2;29200;AMETHYSTS;9996;1;9995;30;;;10004;1;10005;30;;;10000.0;291.0
-2;29300;STARFRUIT;4991;32;;;;;4995;2;4997;32;;;4993.0;217.9921875
-2;29300;AMETHYSTS;9996;2;9995;30;;;10002;3;10004;2;10005;30;9999.0;291.0
-2;29400;AMETHYSTS;10002;1;9996;1;9995;25;10004;1;10005;25;;;10003.0;291.0
-2;29400;STARFRUIT;4991;25;;;;;4998;26;;;;;4994.5;210.6640625
-2;29500;STARFRUIT;4992;2;4991;29;;;4998;29;;;;;4995.0;210.171875
-2;29500;AMETHYSTS;9996;2;9995;27;;;10004;2;10005;27;;;10000.0;293.0
-2;29600;STARFRUIT;4991;30;;;;;4996;3;4998;30;;;4993.5;208.4609375
-2;29600;AMETHYSTS;9996;2;9995;28;;;10004;2;10005;28;;;10000.0;293.0
-2;29700;STARFRUIT;4992;2;4991;26;;;4997;1;4998;25;;;4994.5;215.859375
-2;29700;AMETHYSTS;9996;1;9995;25;;;10002;4;10004;1;10005;25;9999.0;293.0
-2;29800;AMETHYSTS;9998;6;9996;1;9995;30;10004;1;10005;30;;;10001.0;293.0
-2;29800;STARFRUIT;4990;31;;;;;4995;1;4997;31;;;4992.5;228.0390625
-2;29900;STARFRUIT;4991;8;4990;21;;;4997;21;;;;;4994.0;232.9296875
-2;29900;AMETHYSTS;9995;21;;;;;10005;21;;;;;10000.0;293.0
-2;30000;STARFRUIT;4990;31;;;;;4997;31;;;;;4993.5;227.7265625
-2;30000;AMETHYSTS;9998;3;9996;1;9995;30;10004;1;10005;30;;;10001.0;293.0
-2;30100;STARFRUIT;4991;30;;;;;4997;30;;;;;4994.0;217.03125
-2;30100;AMETHYSTS;9996;2;9995;28;;;10004;2;10005;28;;;10000.0;295.0
-2;30200;AMETHYSTS;9996;2;9995;20;;;10004;2;10005;20;;;10000.0;295.0
-2;30200;STARFRUIT;4991;22;;;;;4997;2;4998;20;;;4994.0;212.9609375
-2;30300;STARFRUIT;4996;1;4991;31;;;4998;31;;;;;4997.0;209.6015625
-2;30300;AMETHYSTS;9996;2;9995;29;;;10002;9;10004;2;10005;29;9999.0;295.0
-2;30400;STARFRUIT;4994;5;4991;31;;;4997;2;4998;29;;;4995.5;217.0859375
-2;30400;AMETHYSTS;10000;5;9996;2;9995;29;10002;8;10004;2;10005;29;10001.0;295.0
-2;30500;STARFRUIT;4991;22;;;;;4998;22;;;;;4994.5;205.5
-2;30500;AMETHYSTS;9998;5;9996;2;9995;20;10004;2;10005;20;;;10001.0;295.0
-2;30600;AMETHYSTS;9996;2;9995;20;;;10002;4;10004;2;10005;20;9999.0;295.0
-2;30600;STARFRUIT;4992;21;;;;;4998;2;4999;20;;;4995.0;195.3515625
-2;30700;STARFRUIT;4992;30;;;;;4999;30;;;;;4995.5;199.390625
-2;30700;AMETHYSTS;9995;30;;;;;10005;30;;;;;10000.0;295.0
-2;30800;STARFRUIT;4993;3;4992;31;;;4998;1;4999;30;;;4995.5;199.75
-2;30800;AMETHYSTS;9996;1;9995;30;;;10004;1;10005;30;;;10000.0;295.0
-2;30900;STARFRUIT;4991;30;;;;;4996;7;4998;30;;;4993.5;207.3046875
-2;30900;AMETHYSTS;9996;2;9995;28;;;10002;6;10004;2;10005;28;9999.0;295.0
-2;31000;AMETHYSTS;10000;4;9996;1;9995;22;10004;1;10005;22;;;10002.0;295.0
-2;31000;STARFRUIT;4995;4;4993;7;4992;23;4998;1;4999;22;;;4996.5;196.21875
-2;31100;STARFRUIT;4992;29;;;;;4999;29;;;;;4995.5;193.1640625
-2;31100;AMETHYSTS;9996;2;9995;27;;;10004;2;10005;27;;;10000.0;295.0
-2;31200;STARFRUIT;4992;31;;;;;4999;31;;;;;4995.5;193.8984375
-2;31200;AMETHYSTS;9996;2;9995;29;;;10002;6;10004;2;10005;29;9999.0;295.0
-2;31300;STARFRUIT;4992;24;;;;;4999;24;;;;;4995.5;190.8359375
-2;31300;AMETHYSTS;9996;1;9995;23;;;10004;1;10005;23;;;10000.0;295.0
-2;31400;AMETHYSTS;9995;26;;;;;9998;1;10005;26;;;9996.5;295.0
-2;31400;STARFRUIT;4992;26;;;;;4999;26;;;;;4995.5;187.515625
-2;31500;STARFRUIT;4993;5;4992;30;;;4999;30;;;;;4996.0;190.640625
-2;31500;AMETHYSTS;9995;30;;;;;10005;30;;;;;10000.0;297.0
-2;31600;STARFRUIT;4997;1;4992;27;;;4998;27;;;;;4997.5;200.046875
-2;31600;AMETHYSTS;9995;27;;;;;10005;27;;;;;10000.0;297.0
-2;31700;STARFRUIT;4991;24;;;;;4996;3;4998;24;;;4993.5;209.765625
-2;31700;AMETHYSTS;9996;2;9995;22;;;10004;2;10005;22;;;10000.0;297.0
-2;31800;AMETHYSTS;10000;6;9996;1;9995;25;10004;1;10005;25;;;10002.0;297.0
-2;31800;STARFRUIT;4993;6;4991;1;4990;25;4997;26;;;;;4995.0;222.921875
-2;31900;STARFRUIT;4991;4;4990;28;;;4997;28;;;;;4994.0;219.453125
-2;31900;AMETHYSTS;9998;3;9995;28;;;10005;28;;;;;10001.5;297.0
-2;32000;STARFRUIT;4992;3;4991;24;;;4998;25;;;;;4995.0;202.703125
-2;32000;AMETHYSTS;9996;1;9995;24;;;10004;1;10005;24;;;10000.0;299.0
-2;32100;STARFRUIT;4991;29;;;;;4997;1;4998;28;;;4994.0;215.5546875
-2;32100;AMETHYSTS;9996;1;9995;28;;;10004;1;10005;28;;;10000.0;299.0
-2;32200;STARFRUIT;4991;28;;;;;4997;1;4998;27;;;4994.0;214.53125
-2;32200;AMETHYSTS;9996;1;9995;27;;;10004;1;10005;27;;;10000.0;299.0
-2;32300;STARFRUIT;4991;25;;;;;4998;25;;;;;4994.5;211.4375
-2;32300;AMETHYSTS;9995;25;;;;;10005;25;;;;;10000.0;299.0
-2;32400;STARFRUIT;4991;30;;;;;4997;1;4998;30;;;4994.0;218.8984375
-2;32400;AMETHYSTS;9996;1;9995;30;;;10004;1;10005;30;;;10000.0;299.0
-2;32500;AMETHYSTS;9998;1;9996;1;9995;21;10004;1;10005;21;;;10001.0;299.0
-2;32500;STARFRUIT;4991;21;;;;;4996;5;4997;1;4998;21;4993.5;217.3671875
-2;32600;STARFRUIT;4990;30;;;;;4997;30;;;;;4993.5;225.671875
-2;32600;AMETHYSTS;10002;1;9995;30;;;10005;30;;;;;10003.5;299.0
-2;32700;STARFRUIT;4991;24;;;;;4997;2;4998;22;;;4994.0;216.6171875
-2;32700;AMETHYSTS;9996;2;9995;22;;;10004;2;10005;22;;;10000.0;299.0
-2;32800;STARFRUIT;4991;2;4990;28;;;4997;30;;;;;4994.0;221.125
-2;32800;AMETHYSTS;9996;2;9995;28;;;10004;2;10005;28;;;10000.0;299.0
-2;32900;AMETHYSTS;9996;2;9995;27;;;10004;2;10005;27;;;10000.0;308.0
-2;32900;STARFRUIT;4991;2;4990;27;;;4997;29;;;;;4994.0;220.375
-2;33000;STARFRUIT;4996;1;4991;30;;;4997;2;4998;28;;;4996.5;215.21875
-2;33000;AMETHYSTS;9996;2;9995;28;;;10004;2;10005;28;;;10000.0;308.0
-2;33100;STARFRUIT;4991;28;;;;;4996;3;4997;1;4998;28;4993.5;218.484375
-2;33100;AMETHYSTS;9996;1;9995;28;;;10004;1;10005;28;;;10000.0;308.0
-2;33200;STARFRUIT;4990;20;;;;;4991;10;4997;21;;;4990.5;232.046875
-2;33200;AMETHYSTS;9996;1;9995;20;;;10002;7;10004;1;10005;20;9999.0;308.0
-2;33300;AMETHYSTS;9996;1;9995;20;;;10004;1;10005;20;;;10000.0;308.0
-2;33300;STARFRUIT;4990;21;;;;;4996;1;4997;20;;;4993.0;257.0859375
-2;33400;STARFRUIT;4990;32;;;;;4997;32;;;;;4993.5;254.359375
-2;33400;AMETHYSTS;9996;2;9995;30;;;10002;3;10004;2;10005;30;9999.0;308.0
-2;33500;STARFRUIT;4990;21;;;;;4997;21;;;;;4993.5;254.671875
-2;33500;AMETHYSTS;9996;1;9995;20;;;10004;1;10005;20;;;10000.0;308.0
-2;33600;STARFRUIT;4990;27;;;;;4997;27;;;;;4993.5;252.39453125
-2;33600;AMETHYSTS;10002;6;9995;27;;;10005;27;;;;;10003.5;308.0
-2;33700;AMETHYSTS;9996;1;9995;27;;;10002;1;10004;1;10005;27;9999.0;320.0
-2;33700;STARFRUIT;4991;4;4990;28;;;4996;1;4997;27;;;4993.5;253.61328125
-2;33800;STARFRUIT;4994;3;4991;5;4990;26;4996;1;4997;25;;;4995.0;252.8828125
-2;33800;AMETHYSTS;9996;1;9995;25;;;10004;1;10005;25;;;10000.0;320.0
-2;33900;STARFRUIT;4990;24;;;;;4997;24;;;;;4993.5;250.375
-2;33900;AMETHYSTS;9995;24;;;;;10005;24;;;;;10000.0;320.0
-2;34000;STARFRUIT;4990;29;;;;;4995;8;4997;30;;;4992.5;246.0
-2;34000;AMETHYSTS;10002;1;9995;30;;;10005;30;;;;;10003.5;320.0
-2;34100;AMETHYSTS;9996;1;9995;22;;;10004;1;10005;22;;;10000.0;322.0
-2;34100;STARFRUIT;4992;2;4991;23;;;4997;1;4998;22;;;4994.5;232.3515625
-2;34200;STARFRUIT;4991;23;;;;;4996;1;4998;23;;;4993.5;233.859375
-2;34200;AMETHYSTS;9995;23;;;;;10005;23;;;;;10000.0;325.0
-2;34300;AMETHYSTS;10002;1;9996;1;9995;22;10004;1;10005;22;;;10003.0;325.0
-2;34300;STARFRUIT;4990;23;;;;;4997;23;;;;;4993.5;241.328125
-2;34400;AMETHYSTS;9996;2;9995;23;;;10004;2;10005;23;;;10000.0;327.0
-2;34400;STARFRUIT;4991;3;4990;25;;;4996;25;;;;;4993.5;252.9296875
-2;34500;AMETHYSTS;9995;30;;;;;10005;30;;;;;10000.0;327.0
-2;34500;STARFRUIT;4990;30;;;;;4991;5;4995;1;4997;30;4990.5;244.6953125
-2;34600;STARFRUIT;4990;28;;;;;4997;29;;;;;4993.5;257.3203125
-2;34600;AMETHYSTS;9995;29;;;;;10005;29;;;;;10000.0;327.0
-2;34700;AMETHYSTS;9998;6;9995;24;;;10005;24;;;;;10001.5;327.0
-2;34700;STARFRUIT;4990;24;;;;;4997;24;;;;;4993.5;248.4140625
-2;34800;AMETHYSTS;9996;2;9995;23;;;10004;2;10005;23;;;10000.0;327.0
-2;34800;STARFRUIT;4991;25;;;;;4997;2;4998;23;;;4994.0;243.671875
-2;34900;AMETHYSTS;9996;1;9995;20;;;10004;1;10005;20;;;10000.0;327.0
-2;34900;STARFRUIT;4991;21;;;;;4998;21;;;;;4994.5;229.6796875
-2;35000;STARFRUIT;4997;1;4992;20;;;4999;20;;;;;4998.0;221.1171875
-2;35000;AMETHYSTS;10002;1;9995;20;;;10005;20;;;;;10003.5;327.0
-2;35100;AMETHYSTS;10002;3;9996;2;9995;29;10004;2;10005;29;;;10003.0;329.0
-2;35100;STARFRUIT;4992;31;;;;;4998;2;4999;29;;;4995.0;225.671875
-2;35200;AMETHYSTS;9996;2;9995;28;;;10002;10;10004;2;10005;28;9999.0;333.0
-2;35200;STARFRUIT;4993;3;4992;30;;;4998;2;4999;28;;;4995.5;223.7265625
-2;35300;AMETHYSTS;9998;6;9996;1;9995;27;10004;1;10005;27;;;10001.0;333.0
-2;35300;STARFRUIT;4992;28;;;;;4993;8;4999;28;;;4992.5;215.9609375
-2;35400;STARFRUIT;4997;1;4993;2;4992;25;4999;25;;;;;4998.0;224.828125
-2;35400;AMETHYSTS;10002;3;9995;25;;;10005;25;;;;;10003.5;333.0
-2;35500;AMETHYSTS;9996;2;9995;26;;;10004;2;10005;26;;;10000.0;333.0
-2;35500;STARFRUIT;4992;28;;;;;4999;28;;;;;4995.5;215.8125
-2;35600;AMETHYSTS;9995;26;;;;;10005;26;;;;;10000.0;333.0
-2;35600;STARFRUIT;4993;26;;;;;5000;26;;;;;4996.5;206.6640625
-2;35700;AMETHYSTS;9996;2;9995;27;;;10004;2;10005;27;;;10000.0;333.0
-2;35700;STARFRUIT;4993;29;;;;;5000;29;;;;;4996.5;199.2421875
-2;35800;STARFRUIT;4993;31;;;;;4994;2;5000;31;;;4993.5;200.7734375
-2;35800;AMETHYSTS;9998;7;9996;1;9995;30;10004;1;10005;30;;;10001.0;333.0
-2;35900;AMETHYSTS;9996;2;9995;21;;;10004;2;10005;21;;;10000.0;333.0
-2;35900;STARFRUIT;4993;23;;;;;5000;23;;;;;4996.5;198.5078125
-2;36000;AMETHYSTS;9995;30;;;;;10002;5;10005;30;;;9998.5;333.0
-2;36000;STARFRUIT;4993;30;;;;;4998;3;5000;30;;;4995.5;206.96875
-2;36100;AMETHYSTS;10002;8;9996;2;9995;24;10004;2;10005;24;;;10003.0;333.0
-2;36100;STARFRUIT;4993;26;;;;;4999;2;5000;24;;;4996.0;206.5390625
-2;36200;STARFRUIT;4993;1;4992;29;;;4999;30;;;;;4996.0;211.0
-2;36200;AMETHYSTS;9996;1;9995;29;;;9998;1;10004;1;10005;29;9997.0;333.0
-2;36300;AMETHYSTS;9996;1;9995;21;;;10004;1;10005;21;;;10000.0;335.0
-2;36300;STARFRUIT;4993;1;4992;21;;;4997;6;4999;22;;;4995.0;210.3671875
-2;36400;AMETHYSTS;9998;1;9996;1;9995;20;10004;1;10005;20;;;10001.0;335.0
-2;36400;STARFRUIT;4998;1;4993;3;4992;21;4999;21;;;;;4998.5;214.125
-2;36500;AMETHYSTS;9995;25;;;;;10005;25;;;;;10000.0;335.0
-2;36500;STARFRUIT;4992;25;;;;;4994;2;4999;25;;;4993.0;211.984375
-2;36600;STARFRUIT;4993;29;;;;;5000;29;;;;;4996.5;203.078125
-2;36600;AMETHYSTS;9996;1;9995;28;;;10004;1;10005;28;;;10000.0;335.0
-2;36700;STARFRUIT;4992;21;;;;;4999;21;;;;;4995.5;213.0078125
-2;36700;AMETHYSTS;9995;21;;;;;10005;21;;;;;10000.0;335.0
-2;36800;AMETHYSTS;9995;30;;;;;10005;30;;;;;10000.0;335.0
-2;36800;STARFRUIT;4993;30;;;;;5000;30;;;;;4996.5;206.0234375
-2;36900;STARFRUIT;4992;27;;;;;4999;27;;;;;4995.5;221.09375
-2;36900;AMETHYSTS;9996;1;9995;26;;;10004;1;10005;26;;;10000.0;335.0
-2;37000;STARFRUIT;4991;25;;;;;4998;25;;;;;4994.5;237.453125
-2;37000;AMETHYSTS;9996;2;9995;23;;;10004;2;10005;23;;;10000.0;335.0
-2;37100;STARFRUIT;4992;4;4991;23;;;4998;23;;;;;4995.0;238.375
-2;37100;AMETHYSTS;9996;2;9995;21;;;10004;2;10005;21;;;10000.0;335.0
-2;37200;AMETHYSTS;9996;1;9995;20;;;10004;1;10005;20;;;10000.0;335.0
-2;37200;STARFRUIT;4992;4;4991;21;;;4998;21;;;;;4995.0;238.34375
-2;37300;STARFRUIT;4992;4;4991;28;;;4998;28;;;;;4995.0;235.0078125
-2;37300;AMETHYSTS;9996;1;9995;27;;;9998;10;10002;4;10004;1;9997.0;335.0
-2;37400;STARFRUIT;4990;30;;;;;4997;30;;;;;4993.5;247.484375
-2;37400;AMETHYSTS;10002;1;9998;2;9995;30;10005;30;;;;;10003.5;355.0
-2;37500;STARFRUIT;4991;2;4990;25;;;4997;27;;;;;4994.0;247.9453125
-2;37500;AMETHYSTS;9996;2;9995;25;;;10004;2;10005;25;;;10000.0;357.0
-2;37600;AMETHYSTS;9995;22;;;;;10002;7;10005;22;;;9998.5;359.0
-2;37600;STARFRUIT;4991;22;;;;;4997;22;;;;;4994.0;247.0078125
-2;37700;STARFRUIT;4991;24;;;;;4998;24;;;;;4994.5;237.53125
-2;37700;AMETHYSTS;9996;1;9995;23;;;10004;1;10005;23;;;10000.0;359.0
-2;37800;STARFRUIT;4991;24;;;;;4998;25;;;;;4994.5;238.328125
-2;37800;AMETHYSTS;9995;25;;;;;10005;25;;;;;10000.0;359.0
-2;37900;STARFRUIT;4991;25;;;;;4998;25;;;;;4994.5;234.34375
-2;37900;AMETHYSTS;9995;25;;;;;10005;25;;;;;10000.0;359.0
-2;38000;AMETHYSTS;10002;1;9996;2;9995;30;10004;2;10005;30;;;10003.0;359.0
-2;38000;STARFRUIT;4991;32;;;;;4996;4;4998;32;;;4993.5;241.75
-2;38100;STARFRUIT;4991;28;;;;;4997;2;4998;26;;;4994.0;243.1875
-2;38100;AMETHYSTS;9996;2;9995;26;;;10002;2;10004;2;10005;26;9999.0;361.0
-2;38200;STARFRUIT;4991;28;;;;;4997;1;4998;27;;;4994.0;246.5625
-2;38200;AMETHYSTS;9996;1;9995;27;;;10004;1;10005;27;;;10000.0;361.0
-2;38300;STARFRUIT;4991;26;;;;;4998;26;;;;;4994.5;241.265625
-2;38300;AMETHYSTS;9998;5;9995;26;;;10005;26;;;;;10001.5;361.0
-2;38400;AMETHYSTS;9996;1;9995;23;;;10000;6;10004;1;10005;23;9998.0;361.0
-2;38400;STARFRUIT;4991;1;4990;23;;;4993;6;4997;24;;;4992.0;248.75
-2;38500;STARFRUIT;4990;21;;;;;4997;21;;;;;4993.5;255.078125
-2;38500;AMETHYSTS;10002;1;9995;21;;;10005;21;;;;;10003.5;361.0
-2;38600;STARFRUIT;4991;2;4990;28;;;4997;30;;;;;4994.0;250.7421875
-2;38600;AMETHYSTS;9996;2;9995;28;;;10004;2;10005;28;;;10000.0;363.0
-2;38700;STARFRUIT;4991;20;;;;;4998;20;;;;;4994.5;237.21875
-2;38700;AMETHYSTS;9995;20;;;;;10005;20;;;;;10000.0;365.0
-2;38800;AMETHYSTS;9996;1;9995;20;;;10002;1;10004;1;10005;20;9999.0;365.0
-2;38800;STARFRUIT;4991;21;;;;;4993;2;4996;1;4998;21;4992.0;234.34375
-2;38900;STARFRUIT;4992;2;4991;30;;;4996;7;4998;32;;;4994.0;232.0625
-2;38900;AMETHYSTS;9996;2;9995;30;;;10004;2;10005;30;;;10000.0;381.0
-2;39000;STARFRUIT;4991;23;;;;;4998;23;;;;;4994.5;234.6953125
-2;39000;AMETHYSTS;9995;23;;;;;10002;9;10005;23;;;9998.5;381.0
-2;39100;STARFRUIT;4992;25;;;;;4998;1;4999;24;;;4995.0;226.484375
-2;39100;AMETHYSTS;9998;8;9996;1;9995;24;10004;1;10005;24;;;10001.0;381.0
-2;39200;AMETHYSTS;9996;1;9995;29;;;10004;1;10005;29;;;10000.0;381.0
-2;39200;STARFRUIT;4992;30;;;;;4997;2;4999;30;;;4994.5;222.4140625
-2;39300;STARFRUIT;4992;27;;;;;4999;27;;;;;4995.5;209.328125
-2;39300;AMETHYSTS;9995;27;;;;;10005;27;;;;;10000.0;381.0
-2;39400;STARFRUIT;4993;31;;;;;4998;5;4999;1;5000;30;4995.5;206.8359375
-2;39400;AMETHYSTS;9996;1;9995;30;;;10004;1;10005;30;;;10000.0;381.0
-2;39500;STARFRUIT;4992;27;;;;;4997;3;4999;27;;;4994.5;214.03125
-2;39500;AMETHYSTS;9995;27;;;;;9998;1;10002;2;10005;27;9996.5;381.0
-2;39600;AMETHYSTS;9995;23;;;;;10005;23;;;;;10000.0;383.0
-2;39600;STARFRUIT;4997;4;4992;23;;;4999;23;;;;;4998.0;218.3515625
-2;39700;STARFRUIT;4993;4;4992;24;;;4998;2;4999;22;;;4995.5;225.8359375
-2;39700;AMETHYSTS;9996;2;9995;22;;;10004;2;10005;22;;;10000.0;383.0
-2;39800;STARFRUIT;4991;28;;;;;4998;28;;;;;4994.5;235.3125
-2;39800;AMETHYSTS;9996;1;9995;27;;;10004;1;10005;27;;;10000.0;383.0
-2;39900;STARFRUIT;4992;31;;;;;4998;1;4999;30;;;4995.0;225.765625
-2;39900;AMETHYSTS;9996;1;9995;30;;;10002;4;10004;1;10005;30;9999.0;383.0
-2;40000;AMETHYSTS;9995;22;;;;;10005;22;;;;;10000.0;383.0
-2;40000;STARFRUIT;4992;22;;;;;4999;22;;;;;4995.5;219.6796875
-2;40100;STARFRUIT;4992;2;4991;29;;;4998;31;;;;;4995.0;229.0546875
-2;40100;AMETHYSTS;9996;2;9995;29;;;10002;8;10004;2;10005;29;9999.0;383.0
-2;40200;STARFRUIT;4992;29;;;;;4999;29;;;;;4995.5;215.609375
-2;40200;AMETHYSTS;9996;1;9995;28;;;10004;1;10005;28;;;10000.0;383.0
-2;40300;STARFRUIT;4992;22;;;;;4999;22;;;;;4995.5;213.765625
-2;40300;AMETHYSTS;9995;22;;;;;9998;1;10005;22;;;9996.5;383.0
-2;40400;AMETHYSTS;9996;1;9995;23;;;10004;1;10005;23;;;10000.0;385.0
-2;40400;STARFRUIT;4992;24;;;;;4999;24;;;;;4995.5;221.0234375
-2;40500;STARFRUIT;4992;29;;;;;4993;1;4999;29;;;4992.5;218.1171875
-2;40500;AMETHYSTS;10002;1;9996;2;9995;27;10004;2;10005;27;;;10003.0;385.0
-2;40600;STARFRUIT;4993;4;4992;26;;;4999;26;;;;;4996.0;221.1484375
-2;40600;AMETHYSTS;9996;2;9995;24;;;10004;2;10005;24;;;10000.0;387.0
-2;40700;STARFRUIT;4992;22;;;;;4998;2;4999;20;;;4995.0;226.515625
-2;40700;AMETHYSTS;9998;7;9996;2;9995;20;10004;2;10005;20;;;10001.0;387.0
-2;40800;AMETHYSTS;9995;27;;;;;10005;27;;;;;10000.0;387.0
-2;40800;STARFRUIT;4991;27;;;;;4998;27;;;;;4994.5;241.21875
-2;40900;STARFRUIT;4991;28;;;;;4998;28;;;;;4994.5;240.953125
-2;40900;AMETHYSTS;9998;10;9996;2;9995;26;10004;2;10005;26;;;10001.0;387.0
-2;41000;STARFRUIT;4991;21;;;;;4992;1;4996;3;4998;21;4991.5;240.3046875
-2;41000;AMETHYSTS;9995;21;;;;;10002;10;10005;21;;;9998.5;387.0
-2;41100;AMETHYSTS;9995;27;;;;;10005;27;;;;;10000.0;387.0
-2;41100;STARFRUIT;4990;27;;;;;4991;1;4992;2;4997;27;4990.5;260.296875
-2;41200;STARFRUIT;4990;29;;;;;4997;29;;;;;4993.5;262.7578125
-2;41200;AMETHYSTS;9995;29;;;;;10005;29;;;;;10000.0;387.0
-2;41300;STARFRUIT;4991;1;4990;24;;;4995;4;4997;25;;;4993.0;259.328125
-2;41300;AMETHYSTS;9998;2;9996;1;9995;24;10004;1;10005;24;;;10001.0;387.0
-2;41400;STARFRUIT;4991;2;4990;23;;;4993;4;4995;5;4997;25;4992.0;261.9609375
-2;41400;AMETHYSTS;9998;5;9996;2;9995;23;10000;4;10004;2;10005;23;9999.0;387.0
-2;41500;AMETHYSTS;9998;8;9996;2;9995;20;10004;2;10005;20;;;10001.0;387.0
-2;41500;STARFRUIT;4991;2;4990;20;;;4995;1;4997;22;;;4993.0;261.34375
-2;41600;STARFRUIT;4990;23;;;;;4995;7;4997;23;;;4992.5;262.9140625
-2;41600;AMETHYSTS;9996;1;9995;22;;;10004;1;10005;22;;;10000.0;387.0
-2;41700;STARFRUIT;4993;4;4990;21;;;4997;21;;;;;4995.0;267.59375
-2;41700;AMETHYSTS;10000;5;9995;21;;;10005;21;;;;;10002.5;387.0
-2;41800;STARFRUIT;4990;24;;;;;4996;2;4997;22;;;4993.0;269.3671875
-2;41800;AMETHYSTS;9996;2;9995;22;;;10004;2;10005;22;;;10000.0;387.0
-2;41900;AMETHYSTS;9996;1;9995;21;;;9998;4;10004;1;10005;21;9997.0;387.0
-2;41900;STARFRUIT;4991;1;4990;21;;;4995;1;4997;22;;;4993.0;259.53125
-2;42000;STARFRUIT;4990;31;;;;;4995;5;4996;2;4997;30;4992.5;268.78125
-2;42000;AMETHYSTS;9996;2;9995;30;;;10004;2;10005;30;;;10000.0;395.0
-2;42100;STARFRUIT;4990;23;;;;;4997;23;;;;;4993.5;265.984375
-2;42100;AMETHYSTS;9998;8;9996;2;9995;21;10004;2;10005;21;;;10001.0;395.0
-2;42200;STARFRUIT;4990;28;;;;;4997;28;;;;;4993.5;264.7578125
-2;42200;AMETHYSTS;10002;1;9995;28;;;10005;28;;;;;10003.5;395.0
-2;42300;AMETHYSTS;9995;20;;;;;10005;20;;;;;10000.0;397.0
-2;42300;STARFRUIT;4990;20;;;;;4991;7;4995;2;4997;20;4990.5;269.5546875
-2;42400;STARFRUIT;4990;1;4989;29;;;4996;31;;;;;4993.0;285.9140625
-2;42400;AMETHYSTS;9996;2;9995;29;;;10004;2;10005;29;;;10000.0;397.0
-2;42500;STARFRUIT;4989;24;;;;;4996;24;;;;;4992.5;290.4375
-2;42500;AMETHYSTS;9995;24;;;;;10002;3;10005;24;;;9998.5;397.0
-2;42600;STARFRUIT;4989;26;;;;;4996;26;;;;;4992.5;296.84375
-2;42600;AMETHYSTS;9995;26;;;;;10005;26;;;;;10000.0;397.0
-2;42700;AMETHYSTS;9995;26;;;;;10005;26;;;;;10000.0;399.0
-2;42700;STARFRUIT;4989;26;;;;;4996;26;;;;;4992.5;300.80078125
-2;42800;STARFRUIT;4989;30;;;;;4996;30;;;;;4992.5;299.25390625
-2;42800;AMETHYSTS;9995;30;;;;;10005;30;;;;;10000.0;399.0
-2;42900;STARFRUIT;4988;25;;;;;4995;25;;;;;4991.5;303.9765625
-2;42900;AMETHYSTS;9995;25;;;;;10005;25;;;;;10000.0;399.0
-2;43000;STARFRUIT;4991;2;4990;23;;;4996;23;;;;;4993.5;285.9609375
-2;43000;AMETHYSTS;9995;23;;;;;10005;23;;;;;10000.0;401.0
-2;43100;AMETHYSTS;9995;21;;;;;10005;21;;;;;10000.0;401.0
-2;43100;STARFRUIT;4989;21;;;;;4996;21;;;;;4992.5;288.6015625
-2;43200;STARFRUIT;4990;1;4989;20;;;4996;21;;;;;4993.0;286.9765625
-2;43200;AMETHYSTS;9996;1;9995;20;;;10004;1;10005;20;;;10000.0;401.0
-2;43300;AMETHYSTS;9996;1;9995;24;;;10004;1;10005;24;;;10000.0;401.0
-2;43300;STARFRUIT;4989;25;;;;;4994;2;4996;25;;;4991.5;288.5546875
-2;43400;AMETHYSTS;9996;2;9995;22;;;10004;2;10005;22;;;10000.0;401.0
-2;43400;STARFRUIT;4994;4;4989;24;;;4996;24;;;;;4995.0;291.2734375
-2;43500;AMETHYSTS;9998;7;9995;23;;;10005;23;;;;;10001.5;401.0
-2;43500;STARFRUIT;4990;22;;;;;4995;7;4997;23;;;4992.5;282.4921875
-2;43600;STARFRUIT;4990;5;4989;21;;;4996;23;;;;;4993.0;285.734375
-2;43600;AMETHYSTS;9996;2;9995;21;;;10002;9;10004;2;10005;21;9999.0;401.0
-2;43700;AMETHYSTS;9996;1;9995;23;;;10004;1;10005;23;;;10000.0;401.0
-2;43700;STARFRUIT;4990;24;;;;;4997;24;;;;;4993.5;276.7265625
-2;43800;AMETHYSTS;9996;2;9995;26;;;10004;2;10005;26;;;10000.0;401.0
-2;43800;STARFRUIT;4991;9;4990;26;;;4997;28;;;;;4994.0;269.015625
-2;43900;AMETHYSTS;10002;4;9998;2;9996;1;10004;1;10005;29;;;10003.0;401.0
-2;43900;STARFRUIT;4991;6;4990;30;;;4997;30;;;;;4994.0;276.109375
-2;44000;STARFRUIT;4991;2;4990;20;;;4995;3;4997;22;;;4993.0;269.109375
-2;44000;AMETHYSTS;9996;2;9995;20;;;10004;2;10005;20;;;10000.0;401.0
-2;44100;AMETHYSTS;9995;24;;;;;9998;1;10002;2;10005;24;9996.5;401.0
-2;44100;STARFRUIT;4990;24;;;;;4997;24;;;;;4993.5;273.5234375
-2;44200;AMETHYSTS;9995;21;;;;;10005;21;;;;;10000.0;403.0
-2;44200;STARFRUIT;4991;21;;;;;4998;21;;;;;4994.5;255.03125
-2;44300;AMETHYSTS;9995;27;;;;;10005;27;;;;;10000.0;403.0
-2;44300;STARFRUIT;4991;27;;;;;4998;27;;;;;4994.5;257.65625
-2;44400;STARFRUIT;4991;28;;;;;4998;28;;;;;4994.5;261.8515625
-2;44400;AMETHYSTS;9998;7;9995;28;;;10005;28;;;;;10001.5;403.0
-2;44500;AMETHYSTS;9995;21;;;;;10005;21;;;;;10000.0;403.0
-2;44500;STARFRUIT;4995;1;4991;2;4990;21;4997;21;;;;;4996.0;275.5546875
-2;44600;AMETHYSTS;9996;1;9995;23;;;10004;1;10005;23;;;10000.0;403.0
-2;44600;STARFRUIT;4990;1;4989;23;;;4996;24;;;;;4993.0;284.828125
-2;44700;AMETHYSTS;9995;29;;;;;10002;10;10005;29;;;9998.5;403.0
-2;44700;STARFRUIT;4989;29;;;;;4996;29;;;;;4992.5;288.3359375
-2;44800;STARFRUIT;4989;29;;;;;4996;29;;;;;4992.5;295.8984375
-2;44800;AMETHYSTS;9995;29;;;;;9998;1;10002;10;10005;29;9996.5;403.0
-2;44900;AMETHYSTS;9996;1;9995;25;;;10004;1;10005;25;;;10000.0;405.0
-2;44900;STARFRUIT;4989;2;4988;25;;;4995;26;;;;;4992.0;305.1953125
-2;45000;AMETHYSTS;10002;1;9996;2;9995;24;10004;2;10005;24;;;10003.0;405.0
-2;45000;STARFRUIT;4988;26;;;;;4995;26;;;;;4991.5;310.46875
-2;45100;AMETHYSTS;9996;1;9995;26;;;10004;1;10005;26;;;10000.0;407.0
-2;45100;STARFRUIT;4988;27;;;;;4993;5;4995;27;;;4990.5;312.0390625
-2;45200;STARFRUIT;4989;1;4988;28;;;4993;6;4995;29;;;4991.0;301.1015625
-2;45200;AMETHYSTS;9996;1;9995;28;;;10004;1;10005;28;;;10000.0;407.0
-2;45300;AMETHYSTS;9995;22;;;;;10005;22;;;;;10000.0;407.0
-2;45300;STARFRUIT;4989;4;4988;22;;;4995;22;;;;;4992.0;314.0
-2;45400;AMETHYSTS;9996;2;9995;21;;;9998;1;10004;2;10005;21;9997.0;407.0
-2;45400;STARFRUIT;4988;22;;;;;4993;2;4994;2;4995;21;4990.5;318.171875
-2;45500;STARFRUIT;4987;25;;;;;4990;3;4994;25;;;4988.5;325.3984375
-2;45500;AMETHYSTS;9996;1;9995;24;;;10000;3;10004;1;10005;24;9998.0;409.0
-2;45600;STARFRUIT;4988;7;4987;26;;;4994;26;;;;;4991.0;337.203125
-2;45600;AMETHYSTS;9995;26;;;;;10002;5;10005;26;;;9998.5;409.0
-2;45700;STARFRUIT;4986;24;;;;;4993;24;;;;;4989.5;345.265625
-2;45700;AMETHYSTS;9995;24;;;;;10005;24;;;;;10000.0;409.0
-2;45800;AMETHYSTS;9996;1;9995;27;;;10004;1;10005;27;;;10000.0;409.0
-2;45800;STARFRUIT;4986;27;;;;;4992;1;4993;27;;;4989.0;351.0390625
-2;45900;STARFRUIT;4987;4;4986;31;;;4993;31;;;;;4990.0;346.4921875
-2;45900;AMETHYSTS;9996;1;9995;30;;;10004;1;10005;30;;;10000.0;409.0
-2;46000;STARFRUIT;4986;26;;;;;4993;26;;;;;4989.5;347.2890625
-2;46000;AMETHYSTS;9996;2;9995;24;;;10004;2;10005;24;;;10000.0;411.0
-2;46100;STARFRUIT;4986;25;;;;;4992;2;4993;23;;;4989.0;350.9296875
-2;46100;AMETHYSTS;9998;6;9996;2;9995;23;10004;2;10005;23;;;10001.0;411.0
-2;46200;AMETHYSTS;9998;2;9996;1;9995;27;10004;1;10005;27;;;10001.0;411.0
-2;46200;STARFRUIT;4986;28;;;;;4993;28;;;;;4989.5;346.8125
-2;46300;STARFRUIT;4986;29;;;;;4993;29;;;;;4989.5;344.9296875
-2;46300;AMETHYSTS;9996;2;9995;27;;;10004;2;10005;27;;;10000.0;411.0
-2;46400;STARFRUIT;4986;22;;;;;4993;22;;;;;4989.5;346.4609375
-2;46400;AMETHYSTS;9995;22;;;;;10005;22;;;;;10000.0;411.0
-2;46500;STARFRUIT;4989;6;4986;31;;;4993;31;;;;;4991.0;343.8671875
-2;46500;AMETHYSTS;10000;6;9996;1;9995;30;10004;1;10005;30;;;10002.0;411.0
-2;46600;AMETHYSTS;9998;10;9996;1;9995;27;10004;1;10005;27;;;10001.0;411.0
-2;46600;STARFRUIT;4987;3;4986;28;;;4993;28;;;;;4990.0;349.484375
-2;46700;STARFRUIT;4986;26;;;;;4993;26;;;;;4989.5;348.3984375
-2;46700;AMETHYSTS;9995;26;;;;;10005;26;;;;;10000.0;413.0
-2;46800;STARFRUIT;4987;1;4986;21;;;4993;22;;;;;4990.0;344.875
-2;46800;AMETHYSTS;9996;1;9995;21;;;10004;1;10005;21;;;10000.0;413.0
-2;46900;STARFRUIT;4992;1;4986;32;;;4993;32;;;;;4992.5;346.9140625
-2;46900;AMETHYSTS;9996;2;9995;30;;;10004;2;10005;30;;;10000.0;413.0
-2;47000;AMETHYSTS;9996;1;9995;20;;;10004;1;10005;20;;;10000.0;413.0
-2;47000;STARFRUIT;4986;21;;;;;4992;1;4993;20;;;4989.0;355.171875
-2;47100;STARFRUIT;4986;26;;;;;4988;4;4993;26;;;4987.0;344.9140625
-2;47100;AMETHYSTS;9996;2;9995;24;;;9998;1;10004;2;10005;24;9997.0;413.0
-2;47200;STARFRUIT;4987;2;4986;28;;;4993;30;;;;;4990.0;351.28125
-2;47200;AMETHYSTS;10002;1;9996;2;9995;28;10004;2;10005;28;;;10003.0;415.0
-2;47300;STARFRUIT;4987;25;;;;;4992;1;4994;25;;;4989.5;335.515625
-2;47300;AMETHYSTS;10002;1;9998;3;9995;25;10005;25;;;;;10003.5;417.0
-2;47400;AMETHYSTS;9995;24;;;;;10002;9;10005;24;;;9998.5;419.0
-2;47400;STARFRUIT;4988;1;4987;24;;;4994;24;;;;;4991.0;338.90234375
-2;47500;STARFRUIT;4988;30;;;;;4993;6;4995;30;;;4990.5;330.3515625
-2;47500;AMETHYSTS;9995;30;;;;;10002;1;10005;30;;;9998.5;419.0
-2;47600;STARFRUIT;4988;1;4987;27;;;4994;28;;;;;4991.0;333.296875
-2;47600;AMETHYSTS;9996;1;9995;27;;;10004;1;10005;27;;;10000.0;419.0
-2;47700;STARFRUIT;4988;1;4987;22;;;4994;23;;;;;4991.0;331.609375
-2;47700;AMETHYSTS;9996;1;9995;22;;;10002;8;10004;1;10005;22;9999.0;419.0
-2;47800;AMETHYSTS;9996;1;9995;22;;;10002;8;10004;1;10005;22;9999.0;419.0
-2;47800;STARFRUIT;4988;23;;;;;4995;23;;;;;4991.5;325.9765625
-2;47900;STARFRUIT;4987;27;;;;;4994;27;;;;;4990.5;331.3984375
-2;47900;AMETHYSTS;10002;1;9995;27;;;10005;27;;;;;10003.5;419.0
-2;48000;STARFRUIT;4987;27;;;;;4994;27;;;;;4990.5;332.0859375
-2;48000;AMETHYSTS;9995;27;;;;;10005;27;;;;;10000.0;421.0
-2;48100;STARFRUIT;4989;1;4988;21;;;4994;21;;;;;4991.5;331.015625
-2;48100;AMETHYSTS;9995;21;;;;;10002;9;10005;21;;;9998.5;421.0
-2;48200;AMETHYSTS;9998;5;9995;25;;;10005;25;;;;;10001.5;423.0
-2;48200;STARFRUIT;4988;25;;;;;4995;25;;;;;4991.5;332.3046875
-2;48300;STARFRUIT;4988;29;;;;;4991;5;4995;29;;;4989.5;328.5234375
-2;48300;AMETHYSTS;9996;1;9995;28;;;9998;1;10000;5;10004;1;9997.0;423.0
-2;48400;STARFRUIT;4989;1;4988;27;;;4995;27;;;;;4992.0;322.0078125
-2;48400;AMETHYSTS;9995;27;;;;;10002;7;10005;27;;;9998.5;425.0
-2;48500;STARFRUIT;4990;1;4989;29;;;4996;29;;;;;4993.0;313.703125
-2;48500;AMETHYSTS;9995;29;;;;;9998;1;10005;29;;;9996.5;425.0
-2;48600;AMETHYSTS;9996;1;9995;28;;;10004;1;10005;28;;;10000.0;427.0
-2;48600;STARFRUIT;4990;1;4989;29;;;4995;1;4996;28;;;4992.5;309.8125
-2;48700;STARFRUIT;4989;1;4988;22;;;4995;23;;;;;4992.0;310.3359375
-2;48700;AMETHYSTS;9996;1;9995;22;;;10004;1;10005;22;;;10000.0;429.0
-2;48800;STARFRUIT;4989;5;4988;24;;;4995;24;;;;;4992.0;318.875
-2;48800;AMETHYSTS;9996;1;9995;23;;;10004;1;10005;23;;;10000.0;429.0
-2;48900;STARFRUIT;4989;7;4988;27;;;4995;27;;;;;4992.0;324.453125
-2;48900;AMETHYSTS;9995;27;;;;;10005;27;;;;;10000.0;429.0
-2;49000;AMETHYSTS;9996;2;9995;30;;;10004;2;10005;30;;;10000.0;429.0
-2;49000;STARFRUIT;4989;7;4988;32;;;4994;2;4995;30;;;4991.5;328.4609375
-2;49100;STARFRUIT;4989;8;4988;32;;;4995;32;;;;;4992.0;323.3203125
-2;49100;AMETHYSTS;9996;2;9995;30;;;10004;2;10005;30;;;10000.0;429.0
-2;49200;STARFRUIT;4988;21;;;;;4994;1;4995;20;;;4991.0;326.0859375
-2;49200;AMETHYSTS;9996;1;9995;20;;;10004;1;10005;20;;;10000.0;429.0
-2;49300;STARFRUIT;4987;22;;;;;4988;1;4994;22;;;4987.5;335.484375
-2;49300;AMETHYSTS;9998;9;9996;1;9995;21;10004;1;10005;21;;;10001.0;429.0
-2;49400;AMETHYSTS;9995;20;;;;;10005;20;;;;;10000.0;429.0
-2;49400;STARFRUIT;4992;14;4987;20;;;4994;20;;;;;4993.0;330.7734375
-2;49500;STARFRUIT;4988;8;4987;32;;;4994;32;;;;;4991.0;336.8515625
-2;49500;AMETHYSTS;9996;2;9995;30;;;10004;2;10005;30;;;10000.0;429.0
-2;49600;STARFRUIT;4992;1;4987;24;;;4994;24;;;;;4993.0;342.65625
-2;49600;AMETHYSTS;9995;24;;;;;10005;24;;;;;10000.0;429.0
-2;49700;STARFRUIT;4987;28;;;;;4993;2;4994;26;;;4990.0;344.3828125
-2;49700;AMETHYSTS;9998;7;9996;2;9995;26;10004;2;10005;26;;;10001.0;429.0
-2;49800;AMETHYSTS;9996;2;9995;23;;;10004;2;10005;23;;;10000.0;429.0
-2;49800;STARFRUIT;4987;25;;;;;4988;5;4994;25;;;4987.5;340.8203125
-2;49900;STARFRUIT;4986;23;;;;;4993;23;;;;;4989.5;366.15625
-2;49900;AMETHYSTS;9998;3;9995;23;;;10005;23;;;;;10001.5;429.0
-2;50000;STARFRUIT;4986;1;4985;20;;;4992;21;;;;;4989.0;374.4609375
-2;50000;AMETHYSTS;9996;1;9995;20;;;10004;1;10005;20;;;10000.0;429.0
-2;50100;AMETHYSTS;9995;24;;;;;10005;24;;;;;10000.0;429.0
-2;50100;STARFRUIT;4986;24;;;;;4991;2;4993;24;;;4988.5;373.359375
-2;50200;STARFRUIT;4985;24;;;;;4992;24;;;;;4988.5;375.6875
-2;50200;AMETHYSTS;9995;24;;;;;10005;24;;;;;10000.0;429.0
-2;50300;STARFRUIT;4985;30;;;;;4992;30;;;;;4988.5;381.203125
-2;50300;AMETHYSTS;9995;30;;;;;10002;10;10005;30;;;9998.5;429.0
-2;50400;STARFRUIT;4985;23;;;;;4988;2;4990;1;4992;23;4986.5;384.65625
-2;50400;AMETHYSTS;9998;4;9996;1;9995;22;10000;2;10004;1;10005;22;9999.0;429.0
-2;50500;AMETHYSTS;9996;2;9995;23;;;10004;2;10005;23;;;10000.0;429.0
-2;50500;STARFRUIT;4986;2;4985;23;;;4992;25;;;;;4989.0;377.625
-2;50600;STARFRUIT;4985;23;;;;;4986;8;4992;23;;;4985.5;380.1796875
-2;50600;AMETHYSTS;10002;1;9996;2;9995;21;10004;2;10005;21;;;10003.0;429.0
-2;50700;STARFRUIT;4986;2;4985;22;;;4992;24;;;;;4989.0;401.078125
-2;50700;AMETHYSTS;9996;2;9995;22;;;10004;2;10005;22;;;10000.0;432.0
-2;50800;STARFRUIT;4991;1;4986;24;;;4993;24;;;;;4992.0;399.5078125
-2;50800;AMETHYSTS;10002;5;9996;2;9995;22;10004;2;10005;22;;;10003.0;432.0
-2;50900;AMETHYSTS;9996;1;9995;27;;;10004;1;10005;27;;;10000.0;438.0
-2;50900;STARFRUIT;4986;28;;;;;4991;4;4992;1;4993;27;4988.5;402.2890625
-2;51000;STARFRUIT;4986;28;;;;;4993;28;;;;;4989.5;401.236328125
-2;51000;AMETHYSTS;9996;2;9995;26;;;10004;2;10005;26;;;10000.0;438.0
-2;51100;STARFRUIT;4986;26;;;;;4992;1;4993;25;;;4989.0;402.314453125
-2;51100;AMETHYSTS;9998;6;9996;1;9995;25;10004;1;10005;25;;;10001.0;438.0
-2;51200;STARFRUIT;4986;2;4985;28;;;4992;30;;;;;4989.0;403.77734375
-2;51200;AMETHYSTS;9996;2;9995;28;;;10004;2;10005;28;;;10000.0;438.0
-2;51300;AMETHYSTS;9996;1;9995;24;;;10004;1;10005;24;;;10000.0;438.0
-2;51300;STARFRUIT;4985;25;;;;;4992;25;;;;;4988.5;406.46484375
-2;51400;STARFRUIT;4985;30;;;;;4992;30;;;;;4988.5;410.5390625
-2;51400;AMETHYSTS;9995;30;;;;;10002;3;10005;30;;;9998.5;438.0
-2;51500;STARFRUIT;4991;1;4985;30;;;4992;30;;;;;4991.5;410.220703125
-2;51500;AMETHYSTS;9995;30;;;;;10005;30;;;;;10000.0;438.0
-2;51600;STARFRUIT;4988;5;4985;24;;;4992;24;;;;;4990.0;412.39013671875
-2;51600;AMETHYSTS;10000;5;9996;2;9995;22;10002;1;10004;2;10005;22;10001.0;438.0
-2;51700;AMETHYSTS;9995;20;;;;;10005;20;;;;;10000.0;438.0
-2;51700;STARFRUIT;4984;20;;;;;4986;4;4991;20;;;4985.0;414.05859375
-2;51800;STARFRUIT;4985;25;;;;;4992;25;;;;;4988.5;423.9775390625
-2;51800;AMETHYSTS;9996;1;9995;24;;;10004;1;10005;24;;;10000.0;449.0
-2;51900;STARFRUIT;4990;4;4986;1;4985;23;4992;24;;;;;4991.0;424.861328125
-2;51900;AMETHYSTS;9996;1;9995;23;;;10004;1;10005;23;;;10000.0;449.0
-2;52000;STARFRUIT;4985;29;;;;;4990;6;4992;29;;;4987.5;429.10009765625
-2;52000;AMETHYSTS;9998;3;9995;29;;;10005;29;;;;;10001.5;459.0
-2;52100;AMETHYSTS;9995;21;;;;;10005;21;;;;;10000.0;459.0
-2;52100;STARFRUIT;4985;21;;;;;4992;21;;;;;4988.5;429.376953125
-2;52200;STARFRUIT;4985;31;;;;;4991;2;4992;29;;;4988.0;429.98583984375
-2;52200;AMETHYSTS;9996;2;9995;29;;;10004;2;10005;29;;;10000.0;475.0
-2;52300;AMETHYSTS;10002;1;9996;1;9995;27;10004;1;10005;27;;;10003.0;475.0
-2;52300;STARFRUIT;4990;1;4985;28;;;4991;1;4992;27;;;4990.5;429.87060546875
-2;52400;AMETHYSTS;9998;3;9996;1;9995;29;10004;1;10005;29;;;10001.0;477.0
-2;52400;STARFRUIT;4985;30;;;;;4991;1;4992;29;;;4988.0;431.513671875
-2;52500;AMETHYSTS;9996;1;9995;27;;;9998;1;10004;1;10005;27;9997.0;477.0
-2;52500;STARFRUIT;4990;1;4984;28;;;4991;28;;;;;4990.5;432.634765625
-2;52600;STARFRUIT;4985;23;;;;;4988;4;4991;1;4992;22;4986.5;433.5693359375
-2;52600;AMETHYSTS;9998;1;9996;1;9995;22;10000;4;10004;1;10005;22;9999.0;479.0
-2;52700;AMETHYSTS;9996;2;9995;25;;;10004;2;10005;25;;;10000.0;479.0
-2;52700;STARFRUIT;4985;26;;;;;4992;27;;;;;4988.5;432.646484375
-2;52800;AMETHYSTS;9995;26;;;;;10005;26;;;;;10000.0;479.0
-2;52800;STARFRUIT;4985;26;;;;;4992;26;;;;;4988.5;433.796875
-2;52900;AMETHYSTS;9995;30;;;;;10005;30;;;;;10000.0;479.0
-2;52900;STARFRUIT;4984;30;;;;;4991;30;;;;;4987.5;434.4609375
-2;53000;STARFRUIT;4984;21;;;;;4991;21;;;;;4987.5;434.974609375
-2;53000;AMETHYSTS;10002;1;9996;1;9995;20;10004;1;10005;20;;;10003.0;479.0
-2;53100;AMETHYSTS;9995;24;;;;;10005;24;;;;;10000.0;481.0
-2;53100;STARFRUIT;4984;24;;;;;4991;24;;;;;4987.5;434.78515625
-2;53200;AMETHYSTS;9996;1;9995;30;;;10004;1;10005;30;;;10000.0;481.0
-2;53200;STARFRUIT;4990;1;4984;31;;;4991;31;;;;;4990.5;434.9609375
-2;53300;AMETHYSTS;9995;29;;;;;10005;29;;;;;10000.0;481.0
-2;53300;STARFRUIT;4984;29;;;;;4991;29;;;;;4987.5;439.888671875
-2;53400;STARFRUIT;4984;25;;;;;4991;25;;;;;4987.5;437.548828125
-2;53400;AMETHYSTS;9998;6;9996;2;9995;23;10004;2;10005;23;;;10001.0;481.0
-2;53500;AMETHYSTS;9996;2;9995;21;;;10002;1;10004;2;10005;21;9999.0;481.0
-2;53500;STARFRUIT;4984;23;;;;;4991;23;;;;;4987.5;437.048828125
-2;53600;AMETHYSTS;9995;24;;;;;9998;9;10005;24;;;9996.5;481.0
-2;53600;STARFRUIT;4985;24;;;;;4992;24;;;;;4988.5;435.048828125
-2;53700;AMETHYSTS;9998;1;9995;30;;;10005;30;;;;;10001.5;499.0
-2;53700;STARFRUIT;4985;30;;;;;4992;30;;;;;4988.5;433.056640625
-2;53800;STARFRUIT;4985;30;;;;;4992;30;;;;;4988.5;430.78125
-2;53800;AMETHYSTS;10002;3;9995;30;;;10005;30;;;;;10003.5;499.0
-2;53900;AMETHYSTS;9996;2;9995;25;;;10004;2;10005;25;;;10000.0;505.0
-2;53900;STARFRUIT;4986;2;4985;25;;;4992;27;;;;;4989.0;429.69921875
-2;54000;AMETHYSTS;9998;6;9996;1;9995;30;10004;1;10005;30;;;10001.0;505.0
-2;54000;STARFRUIT;4986;31;;;;;4991;1;4992;1;4993;30;4988.5;424.125
-2;54100;AMETHYSTS;9998;2;9996;2;9995;22;10004;2;10005;22;;;10001.0;505.0
-2;54100;STARFRUIT;4986;24;;;;;4991;2;4993;24;;;4988.5;420.765625
-2;54200;STARFRUIT;4986;28;;;;;4993;28;;;;;4989.5;418.85546875
-2;54200;AMETHYSTS;9995;28;;;;;10005;28;;;;;10000.0;505.0
-2;54300;AMETHYSTS;9996;2;9995;23;;;10004;2;10005;23;;;10000.0;505.0
-2;54300;STARFRUIT;4991;1;4986;25;;;4992;2;4993;23;;;4991.5;419.9140625
-2;54400;AMETHYSTS;9995;29;;;;;10005;29;;;;;10000.0;507.0
-2;54400;STARFRUIT;4986;29;;;;;4993;29;;;;;4989.5;421.6328125
-2;54500;STARFRUIT;4986;1;4985;20;;;4992;21;;;;;4989.0;426.7421875
-2;54500;AMETHYSTS;9996;1;9995;20;;;10004;1;10005;20;;;10000.0;507.0
-2;54600;STARFRUIT;4985;27;;;;;4992;27;;;;;4988.5;428.7421875
-2;54600;AMETHYSTS;10002;3;9995;27;;;10005;27;;;;;10003.5;507.0
-2;54700;STARFRUIT;4984;29;;;;;4986;4;4991;29;;;4985.0;441.734375
-2;54700;AMETHYSTS;9996;2;9995;27;;;10004;2;10005;27;;;10000.0;513.0
-2;54800;AMETHYSTS;9998;8;9995;27;;;10005;27;;;;;10001.5;513.0
-2;54800;STARFRUIT;4984;27;;;;;4989;1;4991;27;;;4986.5;439.390625
-2;54900;STARFRUIT;4984;29;;;;;4991;29;;;;;4987.5;447.15625
-2;54900;AMETHYSTS;9996;1;9995;28;;;10002;3;10004;1;10005;28;9999.0;513.0
-2;55000;STARFRUIT;4985;6;4984;30;;;4990;2;4991;28;;;4987.5;451.3671875
-2;55000;AMETHYSTS;9996;2;9995;28;;;10002;8;10004;2;10005;28;9999.0;513.0
-2;55100;STARFRUIT;4985;8;4984;29;;;4991;29;;;;;4988.0;451.78125
-2;55100;AMETHYSTS;9995;29;;;;;10005;29;;;;;10000.0;513.0
-2;55200;AMETHYSTS;9996;2;9995;21;;;10004;2;10005;21;;;10000.0;513.0
-2;55200;STARFRUIT;4984;23;;;;;4985;5;4989;8;4990;2;4984.5;449.4296875
-2;55300;STARFRUIT;4985;2;4984;27;;;4991;29;;;;;4988.0;435.1796875
-2;55300;AMETHYSTS;9996;2;9995;27;;;9998;1;10002;2;10004;2;9997.0;513.0
-2;55400;STARFRUIT;4986;2;4985;22;;;4991;1;4992;21;;;4988.5;433.6484375
-2;55400;AMETHYSTS;9998;3;9996;1;9995;21;10004;1;10005;21;;;10001.0;515.0
-2;55500;STARFRUIT;4990;1;4985;4;4984;25;4991;25;;;;;4990.5;444.3359375
-2;55500;AMETHYSTS;9995;25;;;;;10002;9;10005;25;;;9998.5;515.0
-2;55600;AMETHYSTS;9995;26;;;;;10005;26;;;;;10000.0;515.0
-2;55600;STARFRUIT;4985;3;4984;26;;;4991;26;;;;;4988.0;443.3671875
-2;55700;STARFRUIT;4985;2;4984;23;;;4991;23;;;;;4988.0;447.875
-2;55700;AMETHYSTS;9996;2;9995;21;;;10004;2;10005;21;;;10000.0;515.0
-2;55800;STARFRUIT;4984;27;;;;;4991;27;;;;;4987.5;444.8828125
-2;55800;AMETHYSTS;9998;6;9996;1;9995;26;10004;1;10005;26;;;10001.0;517.0
-2;55900;STARFRUIT;4984;22;;;;;4991;22;;;;;4987.5;450.0625
-2;55900;AMETHYSTS;9995;22;;;;;10005;22;;;;;10000.0;517.0
-2;56000;AMETHYSTS;9996;2;9995;22;;;10002;10;10004;2;10005;22;9999.0;517.0
-2;56000;STARFRUIT;4984;2;4983;22;;;4985;3;4990;24;;;4984.5;455.4296875
-2;56100;STARFRUIT;4983;22;;;;;4990;22;;;;;4986.5;459.3046875
-2;56100;AMETHYSTS;9996;2;9995;20;;;10004;2;10005;20;;;10000.0;517.0
-2;56200;STARFRUIT;4987;2;4983;30;;;4990;30;;;;;4988.5;464.0546875
-2;56200;AMETHYSTS;9996;1;9995;29;;;10004;1;10005;29;;;10000.0;517.0
-2;56300;STARFRUIT;4983;8;4982;25;;;4989;27;;;;;4986.0;477.8515625
-2;56300;AMETHYSTS;10002;1;9996;2;9995;25;10004;2;10005;25;;;10003.0;517.0
-2;56400;AMETHYSTS;9996;1;9995;30;;;10004;1;10005;30;;;10000.0;519.0
-2;56400;STARFRUIT;4982;31;;;;;4989;31;;;;;4985.5;482.90625
-2;56500;STARFRUIT;4982;29;;;;;4989;29;;;;;4985.5;483.03125
-2;56500;AMETHYSTS;9996;2;9995;27;;;10004;2;10005;27;;;10000.0;519.0
-2;56600;STARFRUIT;4983;2;4982;29;;;4989;31;;;;;4986.0;473.984375
-2;56600;AMETHYSTS;9996;2;9995;29;;;10002;4;10004;2;10005;29;9999.0;519.0
-2;56700;STARFRUIT;4987;6;4983;2;4982;24;4989;26;;;;;4988.0;476.2109375
-2;56700;AMETHYSTS;9998;3;9996;2;9995;24;10000;2;10004;2;10005;24;9999.0;519.0
-2;56800;AMETHYSTS;10002;1;9998;10;9996;2;10004;2;10005;22;;;10003.0;519.0
-2;56800;STARFRUIT;4982;24;;;;;4989;24;;;;;4985.5;479.03125
-2;56900;STARFRUIT;4983;4;4982;20;;;4989;22;;;;;4986.0;474.671875
-2;56900;AMETHYSTS;9996;2;9995;20;;;10004;2;10005;20;;;10000.0;521.0
-2;57000;STARFRUIT;4983;28;;;;;4988;8;4989;1;4990;27;4985.5;470.6171875
-2;57000;AMETHYSTS;9996;1;9995;27;;;10004;1;10005;27;;;10000.0;521.0
-2;57100;STARFRUIT;4984;2;4983;25;;;4990;27;;;;;4987.0;458.5546875
-2;57100;AMETHYSTS;9996;2;9995;25;;;10004;2;10005;25;;;10000.0;521.0
-2;57200;AMETHYSTS;10002;2;9996;1;9995;26;10004;1;10005;26;;;10003.0;521.0
-2;57200;STARFRUIT;4989;1;4984;27;;;4990;27;;;;;4989.5;454.1484375
-2;57300;STARFRUIT;4984;1;4983;26;;;4990;27;;;;;4987.0;454.3125
-2;57300;AMETHYSTS;9996;1;9995;26;;;10002;9;10004;1;10005;26;9999.0;525.0
-2;57400;STARFRUIT;4984;24;;;;;4989;2;4991;24;;;4986.5;444.21875
-2;57400;AMETHYSTS;9995;24;;;;;10005;24;;;;;10000.0;525.0
-2;57500;STARFRUIT;4989;5;4986;5;4985;25;4991;2;4992;23;;;4990.0;432.6875
-2;57500;AMETHYSTS;9998;5;9996;2;9995;23;10004;2;10005;23;;;10001.0;525.0
-2;57600;AMETHYSTS;9995;24;;;;;10005;24;;;;;10000.0;525.0
-2;57600;STARFRUIT;4984;24;;;;;4991;24;;;;;4987.5;436.296875
-2;57700;STARFRUIT;4985;29;;;;;4991;29;;;;;4988.0;435.1171875
-2;57700;AMETHYSTS;9995;29;;;;;10005;29;;;;;10000.0;525.0
-2;57800;STARFRUIT;4984;31;;;;;4991;31;;;;;4987.5;447.8203125
-2;57800;AMETHYSTS;9998;1;9996;2;9995;29;10004;2;10005;29;;;10001.0;525.0
-2;57900;STARFRUIT;4984;27;;;;;4987;6;4989;5;4990;2;4985.5;450.5859375
-2;57900;AMETHYSTS;9996;2;9995;25;;;9998;1;10000;6;10004;2;9997.0;525.0
-2;58000;AMETHYSTS;9996;1;9995;24;;;9998;4;10004;1;10005;24;9997.0;527.0
-2;58000;STARFRUIT;4984;5;4983;24;;;4990;25;;;;;4987.0;457.2734375
-2;58100;STARFRUIT;4983;23;;;;;4990;23;;;;;4986.5;458.90625
-2;58100;AMETHYSTS;9995;23;;;;;10005;23;;;;;10000.0;535.0
-2;58200;STARFRUIT;4983;31;;;;;4990;31;;;;;4986.5;462.5546875
-2;58200;AMETHYSTS;9996;1;9995;30;;;10004;1;10005;30;;;10000.0;535.0
-2;58300;STARFRUIT;4983;29;;;;;4990;29;;;;;4986.5;463.828125
-2;58300;AMETHYSTS;9995;29;;;;;10005;29;;;;;10000.0;535.0
-2;58400;AMETHYSTS;9996;2;9995;21;;;10004;2;10005;21;;;10000.0;535.0
-2;58400;STARFRUIT;4983;23;;;;;4988;1;4990;23;;;4985.5;464.625
-2;58500;STARFRUIT;4983;21;;;;;4990;21;;;;;4986.5;467.91015625
-2;58500;AMETHYSTS;9995;21;;;;;10002;1;10005;21;;;9998.5;535.0
-2;58600;STARFRUIT;4983;25;;;;;4988;7;4990;25;;;4985.5;467.1796875
-2;58600;AMETHYSTS;10002;1;9995;25;;;10005;25;;;;;10003.5;535.0
-2;58700;STARFRUIT;4984;2;4983;32;;;4990;32;;;;;4987.0;466.9609375
-2;58700;AMETHYSTS;9996;2;9995;30;;;10004;2;10005;30;;;10000.0;537.0
-2;58800;STARFRUIT;4982;29;;;;;4989;29;;;;;4985.5;473.1484375
-2;58800;AMETHYSTS;9995;29;;;;;10002;1;10005;29;;;9998.5;537.0
-2;58900;STARFRUIT;4983;25;;;;;4990;25;;;;;4986.5;465.796875
-2;58900;AMETHYSTS;9996;1;9995;24;;;10004;1;10005;24;;;10000.0;561.0
-2;59000;STARFRUIT;4984;22;;;;;4990;2;4991;20;;;4987.0;455.28125
-2;59000;AMETHYSTS;9996;2;9995;20;;;10004;2;10005;20;;;10000.0;561.0
-2;59100;AMETHYSTS;9995;27;;;;;10005;27;;;;;10000.0;561.0
-2;59100;STARFRUIT;4984;7;4983;27;;;4990;27;;;;;4987.0;458.5
-2;59200;STARFRUIT;4984;31;;;;;4990;2;4991;29;;;4987.0;454.5
-2;59200;AMETHYSTS;9998;4;9996;2;9995;29;10004;2;10005;29;;;10001.0;561.0
-2;59300;STARFRUIT;4983;26;;;;;4988;2;4990;27;;;4985.5;465.4296875
-2;59300;AMETHYSTS;9996;1;9995;26;;;10004;1;10005;26;;;10000.0;561.0
-2;59400;STARFRUIT;4983;1;4982;21;;;4989;22;;;;;4986.0;476.609375
-2;59400;AMETHYSTS;9996;1;9995;21;;;10004;1;10005;21;;;10000.0;561.0
-2;59500;AMETHYSTS;10002;5;9995;23;;;10005;23;;;;;10003.5;561.0
-2;59500;STARFRUIT;4982;23;;;;;4989;23;;;;;4985.5;478.5625
-2;59600;STARFRUIT;4983;29;;;;;4990;29;;;;;4986.5;468.046875
-2;59600;AMETHYSTS;9996;2;9995;27;;;10004;2;10005;27;;;10000.0;571.0
-2;59700;STARFRUIT;4982;21;;;;;4989;21;;;;;4985.5;475.546875
-2;59700;AMETHYSTS;9995;21;;;;;10005;21;;;;;10000.0;571.0
-2;59800;STARFRUIT;4982;25;;;;;4989;25;;;;;4985.5;481.5234375
-2;59800;AMETHYSTS;9996;1;9995;24;;;10004;1;10005;24;;;10000.0;571.0
-2;59900;AMETHYSTS;9996;1;9995;23;;;10002;6;10004;1;10005;23;9999.0;571.0
-2;59900;STARFRUIT;4983;24;;;;;4989;1;4990;23;;;4986.0;470.046875
-2;60000;STARFRUIT;4982;22;;;;;4989;22;;;;;4985.5;483.59375
-2;60000;AMETHYSTS;9998;3;9995;22;;;10005;22;;;;;10001.5;571.0
-2;60100;STARFRUIT;4982;27;;;;;4989;27;;;;;4985.5;478.9921875
-2;60100;AMETHYSTS;9996;2;9995;25;;;10004;2;10005;25;;;10000.0;571.0
-2;60200;STARFRUIT;4987;3;4982;25;;;4989;25;;;;;4988.0;475.5234375
-2;60200;AMETHYSTS;9995;25;;;;;10005;25;;;;;10000.0;571.0
-2;60300;AMETHYSTS;9996;1;9995;27;;;10004;1;10005;27;;;10000.0;587.0
-2;60300;STARFRUIT;4983;1;4982;27;;;4989;28;;;;;4986.0;478.171875
-2;60400;STARFRUIT;4983;1;4982;20;;;4989;21;;;;;4986.0;476.765625
-2;60400;AMETHYSTS;9996;1;9995;20;;;9998;1;10004;1;10005;20;9997.0;587.0
-2;60500;STARFRUIT;4984;1;4983;23;;;4990;24;;;;;4987.0;456.9921875
-2;60500;AMETHYSTS;9996;1;9995;23;;;10004;1;10005;23;;;10000.0;589.0
-2;60600;STARFRUIT;4984;2;4983;24;;;4990;24;;;;;4987.0;465.5078125
-2;60600;AMETHYSTS;9996;2;9995;22;;;10004;2;10005;22;;;10000.0;589.0
-2;60700;AMETHYSTS;9995;22;;;;;10005;22;;;;;10000.0;589.0
-2;60700;STARFRUIT;4983;22;;;;;4988;5;4990;22;;;4985.5;467.890625
-2;60800;STARFRUIT;4983;31;;;;;4990;32;;;;;4986.5;469.7109375
-2;60800;AMETHYSTS;10002;10;9996;2;9995;30;10004;2;10005;30;;;10003.0;589.0
-2;60900;STARFRUIT;4983;31;;;;;4984;3;4987;4;4989;31;4983.5;474.9375
-2;60900;AMETHYSTS;9996;2;9995;29;;;10004;2;10005;29;;;10000.0;609.0
-2;61000;AMETHYSTS;9995;28;;;;;10005;28;;;;;10000.0;609.0
-2;61000;STARFRUIT;4982;28;;;;;4989;28;;;;;4985.5;489.484375
-2;61100;AMETHYSTS;9995;29;;;;;10005;29;;;;;10000.0;609.0
-2;61100;STARFRUIT;4983;29;;;;;4988;3;4990;29;;;4985.5;479.3671875
-2;61200;STARFRUIT;4983;22;;;;;4986;2;4989;1;4990;21;4984.5;477.984375
-2;61200;AMETHYSTS;9998;9;9996;1;9995;21;10000;2;10004;1;10005;21;9999.0;609.0
-2;61300;AMETHYSTS;9996;1;9995;22;;;10004;1;10005;22;;;10000.0;609.0
-2;61300;STARFRUIT;4982;23;;;;;4989;23;;;;;4985.5;489.6796875
-2;61400;AMETHYSTS;9996;1;9995;30;;;10004;1;10005;30;;;10000.0;609.0
-2;61400;STARFRUIT;4982;31;;;;;4988;1;4989;30;;;4985.0;494.4375
-2;61500;AMETHYSTS;9996;2;9995;27;;;10004;2;10005;27;;;10000.0;609.0
-2;61500;STARFRUIT;4982;29;;;;;4989;29;;;;;4985.5;491.71875
-2;61600;STARFRUIT;4982;30;;;;;4987;5;4989;30;;;4984.5;489.0
-2;61600;AMETHYSTS;9996;2;9995;28;;;10004;2;10005;28;;;10000.0;609.0
-2;61700;AMETHYSTS;9996;1;9995;26;;;10004;1;10005;26;;;10000.0;609.0
-2;61700;STARFRUIT;4981;26;;;;;4986;7;4988;27;;;4983.5;498.75
-2;61800;AMETHYSTS;9995;20;;;;;10005;20;;;;;10000.0;609.0
-2;61800;STARFRUIT;4981;20;;;;;4988;20;;;;;4984.5;499.375
-2;61900;AMETHYSTS;9995;26;;;;;9998;1;10005;26;;;9996.5;609.0
-2;61900;STARFRUIT;4982;26;;;;;4989;26;;;;;4985.5;497.625
-2;62000;STARFRUIT;4987;1;4982;20;;;4989;20;;;;;4988.0;494.9921875
-2;62000;AMETHYSTS;9995;20;;;;;10005;20;;;;;10000.0;611.0
-2;62100;AMETHYSTS;9996;2;9995;23;;;10004;2;10005;23;;;10000.0;611.0
-2;62100;STARFRUIT;4982;25;;;;;4989;25;;;;;4985.5;494.0078125
-2;62200;AMETHYSTS;9995;25;;;;;10002;3;10005;25;;;9998.5;611.0
-2;62200;STARFRUIT;4981;25;;;;;4988;25;;;;;4984.5;507.0546875
-2;62300;AMETHYSTS;9995;22;;;;;10005;22;;;;;10000.0;611.0
-2;62300;STARFRUIT;4982;22;;;;;4989;22;;;;;4985.5;497.61328125
-2;62400;STARFRUIT;4982;25;;;;;4987;8;4989;25;;;4984.5;497.03125
-2;62400;AMETHYSTS;9996;2;9995;23;;;10004;2;10005;23;;;10000.0;611.0
-2;62500;AMETHYSTS;9996;1;9995;23;;;10004;1;10005;23;;;10000.0;611.0
-2;62500;STARFRUIT;4984;2;4983;24;;;4989;1;4990;23;;;4986.5;492.015625
-2;62600;AMETHYSTS;9995;29;;;;;10005;29;;;;;10000.0;611.0
-2;62600;STARFRUIT;4984;29;;;;;4991;29;;;;;4987.5;484.05859375
-2;62700;AMETHYSTS;9996;2;9995;24;;;10004;2;10005;24;;;10000.0;611.0
-2;62700;STARFRUIT;4984;26;;;;;4990;2;4991;24;;;4987.0;473.59375
-2;62800;STARFRUIT;4983;26;;;;;4984;1;4988;1;4990;26;4983.5;480.0078125
-2;62800;AMETHYSTS;9995;26;;;;;10005;26;;;;;10000.0;611.0
-2;62900;AMETHYSTS;9996;2;9995;27;;;9998;4;10004;2;10005;27;9997.0;611.0
-2;62900;STARFRUIT;4984;29;;;;;4989;1;4990;2;4991;27;4986.5;476.90625
-2;63000;AMETHYSTS;9995;29;;;;;10005;29;;;;;10000.0;619.0
-2;63000;STARFRUIT;4983;29;;;;;4988;4;4990;29;;;4985.5;478.15625
-2;63100;AMETHYSTS;9996;2;9995;24;;;10004;2;10005;24;;;10000.0;619.0
-2;63100;STARFRUIT;4984;1;4983;24;;;4990;26;;;;;4987.0;481.578125
-2;63200;STARFRUIT;4983;28;;;;;4990;28;;;;;4986.5;489.390625
-2;63200;AMETHYSTS;9995;28;;;;;10005;28;;;;;10000.0;619.0
-2;63300;STARFRUIT;4984;32;;;;;4990;2;4991;30;;;4987.0;476.671875
-2;63300;AMETHYSTS;9996;2;9995;30;;;10004;2;10005;30;;;10000.0;619.0
-2;63400;AMETHYSTS;9996;2;9995;24;;;10004;2;10005;24;;;10000.0;619.0
-2;63400;STARFRUIT;4988;3;4984;2;4983;24;4990;26;;;;;4989.0;480.0234375
-2;63500;STARFRUIT;4984;2;4983;20;;;4990;20;;;;;4987.0;490.609375
-2;63500;AMETHYSTS;9998;8;9995;20;;;10005;20;;;;;10001.5;619.0
-2;63600;STARFRUIT;4988;1;4983;21;;;4990;21;;;;;4989.0;494.0
-2;63600;AMETHYSTS;9995;21;;;;;10005;21;;;;;10000.0;619.0
-2;63700;STARFRUIT;4983;8;4982;30;;;4989;30;;;;;4986.0;502.75
-2;63700;AMETHYSTS;9996;2;9995;28;;;10002;6;10004;2;10005;28;9999.0;619.0
-2;63800;AMETHYSTS;9996;1;9995;21;;;10004;1;10005;21;;;10000.0;619.0
-2;63800;STARFRUIT;4982;21;;;;;4987;7;4989;22;;;4984.5;501.5703125
-2;63900;STARFRUIT;4982;21;;;;;4987;6;4989;21;;;4984.5;504.7578125
-2;63900;AMETHYSTS;9995;21;;;;;10005;21;;;;;10000.0;619.0
-2;64000;STARFRUIT;4982;30;;;;;4989;30;;;;;4985.5;512.75
-2;64000;AMETHYSTS;9998;6;9995;30;;;10005;30;;;;;10001.5;643.0
-2;64100;STARFRUIT;4982;27;;;;;4989;27;;;;;4985.5;509.6328125
-2;64100;AMETHYSTS;9995;27;;;;;10002;6;10005;27;;;9998.5;643.0
-2;64200;AMETHYSTS;9996;1;9995;24;;;10004;1;10005;24;;;10000.0;643.0
-2;64200;STARFRUIT;4982;25;;;;;4988;1;4989;24;;;4985.0;514.25
-2;64300;STARFRUIT;4982;23;;;;;4989;23;;;;;4985.5;509.09375
-2;64300;AMETHYSTS;9998;7;9996;1;9995;22;10004;1;10005;22;;;10001.0;649.0
-2;64400;STARFRUIT;4983;4;4982;27;;;4989;29;;;;;4986.0;500.09375
-2;64400;AMETHYSTS;9998;8;9996;2;9995;27;10004;2;10005;27;;;10001.0;649.0
-2;64500;STARFRUIT;4983;2;4982;27;;;4987;6;4989;29;;;4985.0;502.6875
-2;64500;AMETHYSTS;9998;5;9996;2;9995;27;10004;2;10005;27;;;10001.0;649.0
-2;64600;AMETHYSTS;9995;26;;;;;10005;26;;;;;10000.0;649.0
-2;64600;STARFRUIT;4982;26;;;;;4989;26;;;;;4985.5;507.3203125
-2;64700;STARFRUIT;4982;28;;;;;4989;28;;;;;4985.5;505.9140625
-2;64700;AMETHYSTS;9995;28;;;;;10005;28;;;;;10000.0;649.0
-2;64800;STARFRUIT;4983;2;4982;30;;;4989;32;;;;;4986.0;499.5546875
-2;64800;AMETHYSTS;9996;2;9995;30;;;10004;2;10005;30;;;10000.0;649.0
-2;64900;STARFRUIT;4983;2;4982;29;;;4987;3;4989;31;;;4985.0;499.5859375
-2;64900;AMETHYSTS;9996;2;9995;29;;;10004;2;10005;29;;;10000.0;649.0
-2;65000;AMETHYSTS;9995;25;;;;;9998;1;10005;25;;;9996.5;649.0
-2;65000;STARFRUIT;4983;25;;;;;4990;25;;;;;4986.5;498.6015625
-2;65100;STARFRUIT;4983;25;;;;;4989;2;4990;23;;;4986.0;498.8046875
-2;65100;AMETHYSTS;9996;2;9995;23;;;10004;2;10005;23;;;10000.0;651.0
-2;65200;STARFRUIT;4988;1;4983;29;;;4990;29;;;;;4989.0;496.6015625
-2;65200;AMETHYSTS;9998;8;9995;29;;;10005;29;;;;;10001.5;657.0
-2;65300;STARFRUIT;4983;21;;;;;4988;2;4990;21;;;4985.5;492.1171875
-2;65300;AMETHYSTS;9995;21;;;;;10002;3;10005;21;;;9998.5;657.0
-2;65400;AMETHYSTS;9996;2;9995;26;;;10000;3;10004;2;10005;26;9998.0;655.0
-2;65400;STARFRUIT;4983;28;;;;;4986;3;4989;2;4990;26;4984.5;497.1796875
-2;65500;STARFRUIT;4983;9;4982;27;;;4989;29;;;;;4986.0;500.640625
-2;65500;AMETHYSTS;9996;2;9995;27;;;10004;2;10005;27;;;10000.0;655.0
-2;65600;STARFRUIT;4982;20;;;;;4989;20;;;;;4985.5;500.34375
-2;65600;AMETHYSTS;9998;5;9995;20;;;10005;20;;;;;10001.5;655.0
-2;65700;STARFRUIT;4982;29;;;;;4989;29;;;;;4985.5;505.125
-2;65700;AMETHYSTS;9995;29;;;;;10005;29;;;;;10000.0;655.0
-2;65800;AMETHYSTS;9998;9;9995;20;;;10005;20;;;;;10001.5;655.0
-2;65800;STARFRUIT;4982;20;;;;;4987;7;4989;20;;;4984.5;504.171875
-2;65900;STARFRUIT;4983;6;4982;23;;;4989;24;;;;;4986.0;500.34375
-2;65900;AMETHYSTS;9996;1;9995;23;;;10004;1;10005;23;;;10000.0;655.0
-2;66000;STARFRUIT;4983;2;4982;22;;;4989;24;;;;;4986.0;500.515625
-2;66000;AMETHYSTS;9998;4;9996;2;9995;22;10004;2;10005;22;;;10001.0;655.0
-2;66100;STARFRUIT;4982;27;;;;;4989;27;;;;;4985.5;504.84375
-2;66100;AMETHYSTS;9996;1;9995;26;;;9998;1;10004;1;10005;26;9997.0;655.0
-2;66200;AMETHYSTS;10002;1;10000;5;9995;20;10005;20;;;;;10003.5;657.0
-2;66200;STARFRUIT;4985;5;4982;20;;;4989;20;;;;;4987.0;510.4140625
-2;66300;STARFRUIT;4988;1;4984;2;4983;25;4989;1;4990;24;;;4988.5;497.90625
-2;66300;AMETHYSTS;9996;1;9995;24;;;10004;1;10005;24;;;10000.0;659.0
-2;66400;STARFRUIT;4983;21;;;;;4990;21;;;;;4986.5;493.234375
-2;66400;AMETHYSTS;9995;21;;;;;9998;3;10005;21;;;9996.5;659.0
-2;66500;STARFRUIT;4983;2;4982;20;;;4989;22;;;;;4986.0;501.6953125
-2;66500;AMETHYSTS;9996;2;9995;20;;;10004;2;10005;20;;;10000.0;665.0
-2;66600;AMETHYSTS;9995;22;;;;;10005;22;;;;;10000.0;665.0
-2;66600;STARFRUIT;4982;22;;;;;4987;3;4989;22;;;4984.5;508.0625
-2;66700;STARFRUIT;4983;27;;;;;4990;27;;;;;4986.5;493.9296875
-2;66700;AMETHYSTS;9998;9;9995;27;;;10005;27;;;;;10001.5;665.0
-2;66800;STARFRUIT;4983;30;;;;;4990;30;;;;;4986.5;482.5390625
-2;66800;AMETHYSTS;9995;30;;;;;10005;30;;;;;10000.0;665.0
-2;66900;STARFRUIT;4989;1;4985;4;4984;23;4991;23;;;;;4990.0;481.5859375
-2;66900;AMETHYSTS;9998;4;9995;23;;;10005;23;;;;;10001.5;665.0
-2;67000;AMETHYSTS;9996;1;9995;24;;;10004;1;10005;24;;;10000.0;665.0
-2;67000;STARFRUIT;4984;25;;;;;4991;25;;;;;4987.5;472.859375
-2;67100;STARFRUIT;4983;23;;;;;4990;23;;;;;4986.5;484.109375
-2;67100;AMETHYSTS;9995;23;;;;;10005;23;;;;;10000.0;665.0
-2;67200;STARFRUIT;4984;1;4983;20;;;4990;22;;;;;4987.0;484.109375
-2;67200;AMETHYSTS;9996;2;9995;20;;;10002;3;10004;2;10005;20;9999.0;665.0
-2;67300;STARFRUIT;4985;1;4984;30;;;4991;30;;;;;4988.0;478.53125
-2;67300;AMETHYSTS;9995;30;;;;;9998;3;10005;30;;;9996.5;665.0
-2;67400;AMETHYSTS;9998;4;9996;1;9995;25;10004;1;10005;25;;;10001.0;671.0
-2;67400;STARFRUIT;4983;26;;;;;4990;26;;;;;4986.5;492.5859375
-2;67500;STARFRUIT;4983;20;;;;;4990;21;;;;;4986.5;498.515625
-2;67500;AMETHYSTS;9995;21;;;;;10005;21;;;;;10000.0;671.0
-2;67600;STARFRUIT;4983;27;;;;;4990;27;;;;;4986.5;492.625
-2;67600;AMETHYSTS;9996;2;9995;25;;;10004;2;10005;25;;;10000.0;671.0
-2;67700;AMETHYSTS;9996;1;9995;29;;;10004;1;10005;29;;;10000.0;671.0
-2;67700;STARFRUIT;4984;4;4983;29;;;4990;30;;;;;4987.0;484.0859375
-2;67800;STARFRUIT;4984;8;4983;30;;;4990;30;;;;;4987.0;488.5859375
-2;67800;AMETHYSTS;9998;3;9995;30;;;10005;30;;;;;10001.5;671.0
-2;67900;STARFRUIT;4983;25;;;;;4990;25;;;;;4986.5;486.4140625
-2;67900;AMETHYSTS;9995;25;;;;;10005;25;;;;;10000.0;671.0
-2;68000;STARFRUIT;4984;23;;;;;4991;23;;;;;4987.5;474.3359375
-2;68000;AMETHYSTS;9996;2;9995;21;;;10004;2;10005;21;;;10000.0;671.0
-2;68100;AMETHYSTS;9996;2;9995;29;;;10004;2;10005;29;;;10000.0;671.0
-2;68100;STARFRUIT;4984;31;;;;;4989;4;4990;2;4991;29;4986.5;490.7421875
-2;68200;STARFRUIT;4989;1;4983;31;;;4990;31;;;;;4989.5;494.765625
-2;68200;AMETHYSTS;9996;2;9995;29;;;10004;2;10005;29;;;10000.0;671.0
-2;68300;STARFRUIT;4989;1;4983;29;;;4990;29;;;;;4989.5;497.4921875
-2;68300;AMETHYSTS;9996;1;9995;28;;;10004;1;10005;28;;;10000.0;671.0
-2;68400;STARFRUIT;4983;28;;;;;4990;28;;;;;4986.5;502.7890625
-2;68400;AMETHYSTS;9996;2;9995;26;;;10004;2;10005;26;;;10000.0;671.0
-2;68500;AMETHYSTS;9995;23;;;;;10002;5;10005;23;;;9998.5;671.0
-2;68500;STARFRUIT;4984;23;;;;;4991;23;;;;;4987.5;492.9765625
-2;68600;STARFRUIT;4984;24;;;;;4990;1;4991;24;;;4987.0;491.78125
-2;68600;AMETHYSTS;9996;1;9995;24;;;10004;1;10005;24;;;10000.0;671.0
-2;68700;STARFRUIT;4984;1;4983;27;;;4990;28;;;;;4987.0;497.8515625
-2;68700;AMETHYSTS;9996;1;9995;27;;;10004;1;10005;27;;;10000.0;671.0
-2;68800;STARFRUIT;4984;22;;;;;4991;22;;;;;4987.5;479.7421875
-2;68800;AMETHYSTS;9995;22;;;;;9998;1;10005;22;;;9996.5;671.0
-2;68900;AMETHYSTS;9996;1;9995;27;;;10004;1;10005;27;;;10000.0;673.0
-2;68900;STARFRUIT;4990;1;4984;28;;;4991;28;;;;;4990.5;483.53125
-2;69000;STARFRUIT;4984;30;;;;;4991;30;;;;;4987.5;479.984375
-2;69000;AMETHYSTS;9996;2;9995;28;;;10004;2;10005;28;;;10000.0;673.0
-2;69100;STARFRUIT;4985;31;;;;;4986;1;4991;31;;;4985.5;474.890625
-2;69100;AMETHYSTS;9998;9;9996;1;9995;30;10004;1;10005;30;;;10001.0;673.0
-2;69200;STARFRUIT;4990;1;4989;2;4985;30;4992;30;;;;;4991.0;468.984375
-2;69200;AMETHYSTS;9996;2;9995;28;;;10004;2;10005;28;;;10000.0;673.0
-2;69300;AMETHYSTS;9995;21;;;;;9998;1;10005;21;;;9996.5;673.0
-2;69300;STARFRUIT;4990;1;4985;21;;;4992;21;;;;;4991.0;467.6875
-2;69400;STARFRUIT;4985;26;;;;;4992;26;;;;;4988.5;463.2734375
-2;69400;AMETHYSTS;10002;1;9998;2;9996;1;10004;1;10005;25;;;10003.0;673.0
-2;69500;STARFRUIT;4986;6;4985;26;;;4992;26;;;;;4989.0;463.8046875
-2;69500;AMETHYSTS;9998;1;9996;2;9995;24;10004;2;10005;24;;;10001.0;675.0
-2;69600;STARFRUIT;4985;22;;;;;4992;23;;;;;4988.5;474.5390625
-2;69600;AMETHYSTS;9995;23;;;;;10005;23;;;;;10000.0;675.0
-2;69700;AMETHYSTS;10002;1;9996;1;9995;20;10004;1;10005;20;;;10003.0;675.0
-2;69700;STARFRUIT;4985;1;4984;20;;;4991;21;;;;;4988.0;476.21875
-2;69800;STARFRUIT;4985;1;4984;23;;;4991;24;;;;;4988.0;480.5859375
-2;69800;AMETHYSTS;9996;1;9995;23;;;10004;1;10005;23;;;10000.0;681.0
-2;69900;AMETHYSTS;9996;2;9995;27;;;10004;2;10005;27;;;10000.0;681.0
-2;69900;STARFRUIT;4985;2;4984;27;;;4991;29;;;;;4988.0;481.8671875
-2;70000;AMETHYSTS;9996;2;9995;27;;;10004;2;10005;27;;;10000.0;681.0
-2;70000;STARFRUIT;4985;2;4984;27;;;4991;29;;;;;4988.0;480.90625
-2;70100;AMETHYSTS;9996;2;9995;22;;;10004;2;10005;22;;;10000.0;681.0
-2;70100;STARFRUIT;4984;24;;;;;4985;1;4991;24;;;4984.5;485.390625
-2;70200;STARFRUIT;4985;22;;;;;4991;1;4992;21;;;4988.0;479.0546875
-2;70200;AMETHYSTS;9996;1;9995;21;;;10004;1;10005;21;;;10000.0;681.0
-2;70300;AMETHYSTS;9996;1;9995;25;;;9998;2;10004;1;10005;25;9997.0;681.0
-2;70300;STARFRUIT;4985;26;;;;;4992;26;;;;;4988.5;466.75
-2;70400;AMETHYSTS;9995;26;;;;;10005;26;;;;;10000.0;681.0
-2;70400;STARFRUIT;4984;26;;;;;4989;6;4991;26;;;4986.5;482.5078125
-2;70500;AMETHYSTS;9995;23;;;;;10000;3;10005;23;;;9997.5;681.0
-2;70500;STARFRUIT;4984;23;;;;;4987;3;4989;3;4991;23;4985.5;482.453125
-2;70600;STARFRUIT;4985;6;4984;28;;;4991;28;;;;;4988.0;487.546875
-2;70600;AMETHYSTS;9996;1;9995;27;;;10004;1;10005;27;;;10000.0;681.0
-2;70700;AMETHYSTS;9995;26;;;;;10005;26;;;;;10000.0;687.0
-2;70700;STARFRUIT;4983;26;;;;;4990;26;;;;;4986.5;506.2109375
-2;70800;AMETHYSTS;10002;1;9995;27;;;10005;27;;;;;10003.5;687.0
-2;70800;STARFRUIT;4983;27;;;;;4984;1;4990;27;;;4983.5;503.28125
-2;70900;AMETHYSTS;9996;2;9995;30;;;10004;2;10005;30;;;10000.0;689.0
-2;70900;STARFRUIT;4983;32;;;;;4990;32;;;;;4986.5;510.1875
-2;71000;STARFRUIT;4983;30;;;;;4990;30;;;;;4986.5;512.734375
-2;71000;AMETHYSTS;9996;1;9995;29;;;10002;5;10004;1;10005;29;9999.0;689.0
-2;71100;AMETHYSTS;9998;9;9996;1;9995;21;10004;1;10005;21;;;10001.0;689.0
-2;71100;STARFRUIT;4983;22;;;;;4989;1;4990;21;;;4986.0;517.15625
-2;71200;AMETHYSTS;10002;1;9996;1;9995;28;10004;1;10005;28;;;10003.0;689.0
-2;71200;STARFRUIT;4983;28;;;;;4990;29;;;;;4986.5;509.8203125
-2;71300;AMETHYSTS;9996;2;9995;26;;;10002;4;10004;2;10005;26;9999.0;691.0
-2;71300;STARFRUIT;4984;2;4983;26;;;4988;4;4990;28;;;4986.0;501.46875
-2;71400;STARFRUIT;4984;26;;;;;4990;2;4991;24;;;4987.0;499.609375
-2;71400;AMETHYSTS;9996;2;9995;24;;;10002;3;10004;2;10005;24;9999.0;691.0
-2;71500;AMETHYSTS;10002;1;9996;2;9995;26;10004;2;10005;26;;;10003.0;691.0
-2;71500;STARFRUIT;4984;28;;;;;4985;3;4991;28;;;4984.5;494.9375
-2;71600;AMETHYSTS;9996;1;9995;27;;;9998;3;10004;1;10005;27;9997.0;693.0
-2;71600;STARFRUIT;4984;28;;;;;4991;28;;;;;4987.5;495.7109375
-2;71700;AMETHYSTS;9996;2;9995;29;;;10004;2;10005;29;;;10000.0;699.0
-2;71700;STARFRUIT;4984;31;;;;;4989;4;4991;31;;;4986.5;494.78125
-2;71800;STARFRUIT;4984;27;;;;;4990;2;4991;25;;;4987.0;499.8046875
-2;71800;AMETHYSTS;10002;1;9996;2;9995;25;10004;2;10005;25;;;10003.0;699.0
-2;71900;AMETHYSTS;10002;1;9996;1;9995;25;10004;1;10005;25;;;10003.0;701.0
-2;71900;STARFRUIT;4984;26;;;;;4990;1;4991;25;;;4987.0;499.5859375
-2;72000;AMETHYSTS;9996;1;9995;20;;;10004;1;10005;20;;;10000.0;703.0
-2;72000;STARFRUIT;4984;1;4983;20;;;4988;6;4990;21;;;4986.0;503.625
-2;72100;AMETHYSTS;9995;21;;;;;10005;21;;;;;10000.0;703.0
-2;72100;STARFRUIT;4983;21;;;;;4988;5;4990;21;;;4985.5;500.96875
-2;72200;STARFRUIT;4988;3;4984;31;;;4991;31;;;;;4989.5;495.0625
-2;72200;AMETHYSTS;9996;2;9995;29;;;10004;2;10005;29;;;10000.0;703.0
-2;72300;STARFRUIT;4984;23;;;;;4991;23;;;;;4987.5;493.4609375
-2;72300;AMETHYSTS;9996;1;9995;22;;;10002;8;10004;1;10005;22;9999.0;703.0
-2;72400;AMETHYSTS;10002;1;9996;2;9995;20;10004;2;10005;20;;;10003.0;703.0
-2;72400;STARFRUIT;4985;2;4984;20;;;4989;6;4991;22;;;4987.0;484.53125
-2;72500;STARFRUIT;4986;9;4985;25;;;4992;27;;;;;4989.0;464.2265625
-2;72500;AMETHYSTS;9996;2;9995;25;;;10004;2;10005;25;;;10000.0;705.0
-2;72600;STARFRUIT;4986;2;4985;29;;;4991;2;4992;27;;;4988.5;480.15625
-2;72600;AMETHYSTS;9996;2;9995;27;;;10004;2;10005;27;;;10000.0;705.0
-2;72700;STARFRUIT;4985;23;;;;;4992;23;;;;;4988.5;480.0625
-2;72700;AMETHYSTS;9995;23;;;;;10005;23;;;;;10000.0;705.0
-2;72800;AMETHYSTS;9995;20;;;;;10005;20;;;;;10000.0;705.0
-2;72800;STARFRUIT;4984;20;;;;;4991;20;;;;;4987.5;484.375
-2;72900;STARFRUIT;4984;24;;;;;4991;24;;;;;4987.5;487.8359375
-2;72900;AMETHYSTS;9998;1;9996;2;9995;22;10004;2;10005;22;;;10001.0;705.0
-2;73000;STARFRUIT;4984;21;;;;;4989;2;4990;1;4991;21;4986.5;498.109375
-2;73000;AMETHYSTS;9996;1;9995;21;;;10002;7;10004;1;10005;21;9999.0;705.0
-2;73100;STARFRUIT;4984;31;;;;;4990;2;4991;29;;;4987.0;497.7265625
-2;73100;AMETHYSTS;9996;2;9995;29;;;10002;3;10004;2;10005;29;9999.0;705.0
-2;73200;AMETHYSTS;9995;21;;;;;10005;21;;;;;10000.0;705.0
-2;73200;STARFRUIT;4984;21;;;;;4991;21;;;;;4987.5;499.6953125
-2;73300;STARFRUIT;4984;1;4983;29;;;4990;30;;;;;4987.0;504.484375
-2;73300;AMETHYSTS;9996;1;9995;29;;;10004;1;10005;29;;;10000.0;705.0
-2;73400;STARFRUIT;4983;30;;;;;4988;4;4990;30;;;4985.5;506.421875
-2;73400;AMETHYSTS;9995;30;;;;;9998;1;10005;30;;;9996.5;705.0
-2;73500;STARFRUIT;4983;25;;;;;4990;25;;;;;4986.5;510.90625
-2;73500;AMETHYSTS;9996;2;9995;23;;;10004;2;10005;23;;;10000.0;707.0
-2;73600;AMETHYSTS;9996;1;9995;24;;;10004;1;10005;24;;;10000.0;707.0
-2;73600;STARFRUIT;4982;25;;;;;4989;25;;;;;4985.5;528.609375
-2;73700;STARFRUIT;4982;24;;;;;4989;24;;;;;4985.5;520.4921875
-2;73700;AMETHYSTS;9995;24;;;;;10005;24;;;;;10000.0;707.0
-2;73800;STARFRUIT;4982;24;;;;;4987;5;4989;24;;;4984.5;522.8046875
-2;73800;AMETHYSTS;9995;24;;;;;10005;24;;;;;10000.0;707.0
-2;73900;STARFRUIT;4982;30;;;;;4983;3;4989;30;;;4982.5;529.984375
-2;73900;AMETHYSTS;9995;30;;;;;10005;30;;;;;10000.0;707.0
-2;74000;AMETHYSTS;10002;1;9998;10;9996;2;10004;2;10005;24;;;10003.0;707.0
-2;74000;STARFRUIT;4982;26;;;;;4987;3;4989;26;;;4984.5;535.46875
-2;74100;STARFRUIT;4985;6;4982;32;;;4989;32;;;;;4987.0;539.3671875
-2;74100;AMETHYSTS;10000;6;9996;2;9995;30;10004;2;10005;30;;;10002.0;709.0
-2;74200;STARFRUIT;4981;22;;;;;4988;22;;;;;4984.5;554.0546875
-2;74200;AMETHYSTS;9996;2;9995;20;;;10002;6;10004;2;10005;20;9999.0;709.0
-2;74300;STARFRUIT;4982;7;4981;30;;;4988;32;;;;;4985.0;548.078125
-2;74300;AMETHYSTS;9996;2;9995;30;;;10002;6;10004;2;10005;30;9999.0;709.0
-2;74400;AMETHYSTS;9995;30;;;;;10005;30;;;;;10000.0;709.0
-2;74400;STARFRUIT;4981;30;;;;;4988;30;;;;;4984.5;559.421875
-2;74500;STARFRUIT;4984;3;4981;29;;;4988;29;;;;;4986.0;560.90625
-2;74500;AMETHYSTS;10000;3;9995;29;;;10005;29;;;;;10002.5;709.0
-2;74600;STARFRUIT;4981;29;;;;;4988;29;;;;;4984.5;560.109375
-2;74600;AMETHYSTS;10002;1;9998;7;9995;29;10005;29;;;;;10003.5;709.0
-2;74700;STARFRUIT;4981;32;;;;;4988;32;;;;;4984.5;551.0078125
-2;74700;AMETHYSTS;9996;2;9995;30;;;10004;2;10005;30;;;10000.0;711.0
-2;74800;AMETHYSTS;9998;9;9996;1;9995;25;10004;1;10005;25;;;10001.0;711.0
-2;74800;STARFRUIT;4982;26;;;;;4988;1;4989;25;;;4985.0;542.984375
-2;74900;STARFRUIT;4982;31;;;;;4988;1;4989;30;;;4985.0;541.875
-2;74900;AMETHYSTS;10002;1;9996;1;9995;30;10004;1;10005;30;;;10003.0;711.0
-2;75000;STARFRUIT;4987;1;4981;27;;;4988;27;;;;;4987.5;547.046875
-2;75000;AMETHYSTS;9995;27;;;;;9998;1;10005;27;;;9996.5;713.0
-2;75100;STARFRUIT;4981;30;;;;;4988;30;;;;;4984.5;549.875
-2;75100;AMETHYSTS;9995;30;;;;;10005;30;;;;;10000.0;733.0
-2;75200;AMETHYSTS;9998;2;9996;2;9995;24;10004;2;10005;24;;;10001.0;733.0
-2;75200;STARFRUIT;4986;3;4982;26;;;4988;2;4989;24;;;4987.0;542.53125
-2;75300;STARFRUIT;4983;1;4982;28;;;4989;29;;;;;4986.0;530.78125
-2;75300;AMETHYSTS;9996;1;9995;28;;;10004;1;10005;28;;;10000.0;733.0
-2;75400;STARFRUIT;4983;31;;;;;4989;1;4990;30;;;4986.0;526.6953125
-2;75400;AMETHYSTS;9996;1;9995;30;;;10004;1;10005;30;;;10000.0;733.0
-2;75500;STARFRUIT;4983;6;4982;28;;;4989;30;;;;;4986.0;531.5703125
-2;75500;AMETHYSTS;9996;2;9995;28;;;10004;2;10005;28;;;10000.0;733.0
-2;75600;AMETHYSTS;10002;1;9996;2;9995;26;10004;2;10005;26;;;10003.0;737.0
-2;75600;STARFRUIT;4983;28;;;;;4989;2;4990;26;;;4986.0;528.2578125
-2;75700;STARFRUIT;4983;27;;;;;4988;3;4989;1;4990;26;4985.5;530.6640625
-2;75700;AMETHYSTS;9996;1;9995;26;;;10004;1;10005;26;;;10000.0;739.0
