day;timestamp;product;bid_price_1;bid_volume_1;bid_price_2;bid_volume_2;bid_price_3;bid_volume_3;ask_price_1;ask_volume_1;ask_price_2;ask_volume_2;ask_price_3;ask_volume_3;mid_price;profit_and_loss
-2;0;AMETHYSTS;10002;1;9996;2;9995;29;10004;2;10005;29;;;10003.0;0.0
-2;0;STARFRUIT;5002;1;4997;31;;;5003;31;;;;;5002.5;0.0
-2;100;AMETHYSTS;9996;2;9995;22;;;10004;2;10005;22;;;10000.0;0.0
-2;100;STARFRUIT;4997;24;;;;;5003;2;5004;22;;;5000.0;0.0
-2;200;STARFRUIT;4997;2;4996;20;;;5003;20;;;;;5000.0;0.0
-2;200;AMETHYSTS;9995;20;;;;;10005;20;;;;;10000.0;0.0
-2;300;AMETHYSTS;9996;2;9995;29;;;10004;2;10005;29;;;10000.0;0.0
-2;300;STARFRUIT;4996;31;;;;;5003;31;;;;;4999.5;0.0
-2;400;AMETHYSTS;9996;2;9995;25;;;10004;2;10005;25;;;10000.0;0.0
-2;400;STARFRUIT;4995;27;;;;;5002;27;;;;;4998.5;0.0
-2;500;AMETHYSTS;9995;30;;;;;10002;4;10005;30;;;9998.5;0.0
-2;500;STARFRUIT;4996;30;;;;;5003;30;;;;;4999.5;0.0
-2;600;STARFRUIT;4999;5;4997;6;4996;25;5003;25;;;;;5001.0;0.0
-2;600;AMETHYSTS;10000;5;9995;25;;;10005;25;;;;;10002.5;0.0
-2;700;AMETHYSTS;9995;23;;;;;10005;23;;;;;10000.0;0.0
-2;700;STARFRUIT;4997;2;4996;23;;;5003;23;;;;;5000.0;0.0
-2;800;AMETHYSTS;9996;1;9995;29;;;10004;1;10005;29;;;10000.0;0.0
-2;800;STARFRUIT;4997;30;;;;;5003;1;5004;29;;;5000.0;0.0
-2;900;AMETHYSTS;9996;1;9995;22;;;10004;1;10005;22;;;10000.0;0.0
-2;900;STARFRUIT;4997;23;;;;;5003;1;5004;22;;;5000.0;0.0
-2;1000;STARFRUIT;4996;26;;;;;5001;6;5003;26;;;4998.5;0.0
-2;1000;AMETHYSTS;9995;26;;;;;10005;26;;;;;10000.0;0.0
-2;1100;STARFRUIT;4998;6;4997;26;;;5004;26;;;;;5001.0;0.0
-2;1100;AMETHYSTS;9996;2;9995;24;;;10004;2;10005;24;;;10000.0;0.0
-2;1200;AMETHYSTS;9995;21;;;;;9998;1;10005;21;;;9996.5;20.0
-2;1200;STARFRUIT;4997;21;;;;;5002;8;5004;21;;;4999.5;0.0
-2;1300;STARFRUIT;4997;31;;;;;5003;1;5004;30;;;5000.0;0.0
-2;1300;AMETHYSTS;10002;1;9996;1;9995;30;10004;1;10005;30;;;10003.0;22.0
-2;1400;STARFRUIT;4997;3;4996;25;;;5003;26;;;;;5000.0;0.0
-2;1400;AMETHYSTS;9996;1;9995;25;;;10004;1;10005;25;;;10000.0;24.0
-2;1500;STARFRUIT;4996;27;;;;;5003;27;;;;;4999.5;0.0
-2;1500;AMETHYSTS;9995;27;;;;;10005;27;;;;;10000.0;24.0
-2;1600;AMETHYSTS;9995;29;;;;;10005;29;;;;;10000.0;24.0
-2;1600;STARFRUIT;4996;29;;;;;5001;4;5003;29;;;4998.5;0.0
-2;1700;STARFRUIT;4997;22;;;;;5002;8;5003;2;5004;20;4999.5;0.0
-2;1700;AMETHYSTS;9996;2;9995;20;;;10002;1;10004;2;10005;20;9999.0;24.0
-2;1800;STARFRUIT;4997;1;4996;22;;;5003;23;;;;;5000.0;0.0
-2;1800;AMETHYSTS;10002;1;9996;1;9995;22;10004;1;10005;22;;;10003.0;24.0
-2;1900;STARFRUIT;4997;1;4996;28;;;5001;5;5003;29;;;4999.0;0.0
-2;1900;AMETHYSTS;9996;1;9995;28;;;10004;1;10005;28;;;10000.0;26.0
-2;2000;AMETHYSTS;9996;2;9995;24;;;9998;1;10004;2;10005;24;9997.0;26.0
-2;2000;STARFRUIT;4996;26;;;;;5003;26;;;;;4999.5;0.0
-2;2100;STARFRUIT;4997;2;4996;25;;;5003;27;;;;;5000.0;0.0
-2;2100;AMETHYSTS;9996;2;9995;25;;;10002;3;10004;2;10005;25;9999.0;28.0
-2;2200;STARFRUIT;4997;1;4996;24;;;5001;7;5003;25;;;4999.0;0.0
-2;2200;AMETHYSTS;9998;8;9996;1;9995;24;10004;1;10005;24;;;10001.0;28.0
-2;2300;STARFRUIT;4997;32;;;;;5003;2;5004;30;;;5000.0;0.0
-2;2300;AMETHYSTS;9998;7;9996;2;9995;30;10004;2;10005;30;;;10001.0;28.0
-2;2400;AMETHYSTS;9995;29;;;;;10005;29;;;;;10000.0;28.0
-2;2400;STARFRUIT;4997;28;;;;;5004;29;;;;;5000.5;0.0
-2;2500;STARFRUIT;4997;3;4996;22;;;5003;23;;;;;5000.0;0.0
-2;2500;AMETHYSTS;9996;1;9995;22;;;10004;1;10005;22;;;10000.0;28.0
-2;2600;STARFRUIT;4998;3;4997;23;;;5004;23;;;;;5001.0;0.0
-2;2600;AMETHYSTS;9995;23;;;;;10005;23;;;;;10000.0;28.0
-2;2700;STARFRUIT;4998;26;;;;;5005;26;;;;;5001.5;0.0
-2;2700;AMETHYSTS;9998;6;9995;26;;;10005;26;;;;;10001.5;28.0
-2;2800;AMETHYSTS;9995;25;;;;;10005;25;;;;;10000.0;28.0
-2;2800;STARFRUIT;4997;25;;;;;5004;25;;;;;5000.5;0.0
-2;2900;STARFRUIT;4996;26;;;;;5003;26;;;;;4999.5;0.0
-2;2900;AMETHYSTS;9996;1;9995;25;;;10004;1;10005;25;;;10000.0;28.0
-2;3000;STARFRUIT;4997;3;4996;26;;;5003;26;;;;;5000.0;0.0
-2;3000;AMETHYSTS;9998;1;9995;26;;;10005;26;;;;;10001.5;48.0
-2;3100;STARFRUIT;4996;26;;;;;5001;5;5003;26;;;4998.5;1.5927734375
-2;3100;AMETHYSTS;9996;2;9995;24;;;10004;2;10005;24;;;10000.0;49.0
-2;3200;AMETHYSTS;9996;1;9995;22;;;10004;1;10005;22;;;10000.0;52.0
-2;3200;STARFRUIT;4996;23;;;;;5001;3;5003;23;;;4998.5;1.54248046875
-2;3300;STARFRUIT;4997;2;4996;30;;;5001;2;5003;32;;;4999.0;1.11328125
-2;3300;AMETHYSTS;9996;2;9995;30;;;10004;2;10005;30;;;10000.0;52.0
-2;3400;STARFRUIT;4997;26;;;;;5003;2;5004;24;;;5000.0;0.82666015625
-2;3400;AMETHYSTS;9996;2;9995;24;;;10004;2;10005;24;;;10000.0;52.0
-2;3500;STARFRUIT;4997;26;;;;;5004;26;;;;;5000.5;0.7431640625
-2;3500;AMETHYSTS;9995;26;;;;;10005;26;;;;;10000.0;52.0
-2;3600;AMETHYSTS;9995;21;;;;;9998;4;10005;21;;;9996.5;52.0
-2;3600;STARFRUIT;4997;21;;;;;5004;21;;;;;5000.5;-1.21484375
-2;3700;STARFRUIT;4998;3;4997;24;;;5004;24;;;;;5001.0;-0.8046875
-2;3700;AMETHYSTS;10002;1;9996;1;9995;23;10004;1;10005;23;;;10003.0;52.0
-2;3800;STARFRUIT;4997;25;;;;;5004;25;;;;;5000.5;-9.4609375
-2;3800;AMETHYSTS;9996;2;9995;23;;;10002;10;10004;2;10005;23;9999.0;54.0
-2;3900;STARFRUIT;4998;2;4997;26;;;5003;1;5004;25;;;5000.5;-8.53125
-2;3900;AMETHYSTS;9998;1;9996;1;9995;25;10004;1;10005;25;;;10001.0;57.0
-2;4000;AMETHYSTS;9996;2;9995;30;;;10004;2;10005;30;;;10000.0;57.0
-2;4000;STARFRUIT;4997;32;;;;;5003;2;5004;30;;;5000.0;-6.390625
-2;4100;STARFRUIT;4997;29;;;;;5003;2;5004;27;;;5000.0;-7.953125
-2;4100;AMETHYSTS;9996;2;9995;27;;;10004;2;10005;27;;;10000.0;57.0
-2;4200;STARFRUIT;4998;2;4997;24;;;5004;26;;;;;5001.0;-19.421875
-2;4200;AMETHYSTS;9996;2;9995;24;;;10002;4;10004;2;10005;24;9999.0;57.0
-2;4300;STARFRUIT;4998;7;4997;22;;;5000;5;5004;22;;;4999.0;-14.5390625
-2;4300;AMETHYSTS;9995;22;;;;;9998;1;10000;6;10005;22;9996.5;57.0
-2;4400;AMETHYSTS;9995;30;;;;;10005;30;;;;;10000.0;57.0
-2;4400;STARFRUIT;4997;30;;;;;5004;30;;;;;5000.5;-7.6484375
-2;4500;STARFRUIT;4996;28;;;;;5003;29;;;;;4999.5;-4.0390625
-2;4500;AMETHYSTS;9996;1;9995;28;;;10002;10;10004;1;10005;28;9999.0;57.0
-2;4600;STARFRUIT;4997;30;;;;;5004;30;;;;;5000.5;-10.2109375
-2;4600;AMETHYSTS;9996;1;9995;29;;;10002;10;10004;1;10005;29;9999.0;57.0
-2;4700;STARFRUIT;4997;32;;;;;4998;7;5002;3;5003;2;4997.5;-8.6953125
-2;4700;AMETHYSTS;9996;2;9995;30;;;10004;2;10005;30;;;10000.0;57.0
-2;4800;AMETHYSTS;9998;6;9996;2;9995;22;10004;2;10005;22;;;10001.0;57.0
-2;4800;STARFRUIT;4997;24;;;;;5004;24;;;;;5000.5;-17.125
-2;4900;STARFRUIT;4996;22;;;;;5003;22;;;;;4999.5;-4.125
-2;4900;AMETHYSTS;9995;22;;;;;10002;7;10005;22;;;9998.5;59.0
-2;5000;STARFRUIT;4997;30;;;;;5004;30;;;;;5000.5;-11.7578125
-2;5000;AMETHYSTS;9998;3;9996;2;9995;28;10004;2;10005;28;;;10001.0;59.0
-2;5100;STARFRUIT;4998;7;4997;30;;;5004;31;;;;;5001.0;-18.7578125
-2;5100;AMETHYSTS;9996;1;9995;30;;;10004;1;10005;30;;;10000.0;59.0
-2;5200;AMETHYSTS;9998;9;9996;1;9995;26;10004;1;10005;26;;;10001.0;59.0
-2;5200;STARFRUIT;4998;8;4997;27;;;5003;1;5004;26;;;5000.5;-9.125
-2;5300;STARFRUIT;5002;1;4997;21;;;5004;21;;;;;5003.0;-10.15625
-2;5300;AMETHYSTS;9996;1;9995;20;;;10004;1;10005;20;;;10000.0;59.0
-2;5400;STARFRUIT;4997;21;;;;;5002;6;5004;21;;;4999.5;-18.375
-2;5400;AMETHYSTS;9995;21;;;;;10005;21;;;;;10000.0;59.0
-2;5500;AMETHYSTS;9995;27;;;;;10005;27;;;;;10000.0;59.0
-2;5500;STARFRUIT;4997;27;;;;;5004;27;;;;;5000.5;-18.9609375
-2;5600;STARFRUIT;5002;2;4998;28;;;5005;28;;;;;5003.5;-25.71875
-2;5600;AMETHYSTS;9995;28;;;;;10005;28;;;;;10000.0;59.0
-2;5700;STARFRUIT;4999;26;;;;;5006;27;;;;;5002.5;-42.125
-2;5700;AMETHYSTS;9998;2;9995;27;;;10005;27;;;;;10001.5;59.0
-2;5800;STARFRUIT;4999;31;;;;;5006;31;;;;;5002.5;-44.1875
-2;5800;AMETHYSTS;9996;1;9995;30;;;10004;1;10005;30;;;10000.0;59.0
-2;5900;AMETHYSTS;9996;2;9995;28;;;10004;2;10005;28;;;10000.0;59.0
-2;5900;STARFRUIT;5000;5;4999;30;;;5005;2;5006;28;;;5002.5;-42.046875
-2;6000;STARFRUIT;4998;30;;;;;5005;30;;;;;5001.5;-36.1875
-2;6000;AMETHYSTS;9995;30;;;;;10005;30;;;;;10000.0;59.0
-2;6100;STARFRUIT;4999;24;;;;;5005;1;5006;24;;;5002.0;-41.078125
-2;6100;AMETHYSTS;9996;1;9995;24;;;10004;1;10005;24;;;10000.0;59.0
-2;6200;STARFRUIT;4999;22;;;;;5005;1;5006;21;;;5002.0;-39.578125
-2;6200;AMETHYSTS;9996;1;9995;21;;;10004;1;10005;21;;;10000.0;59.0
-2;6300;AMETHYSTS;9996;2;9995;23;;;10004;2;10005;23;;;10000.0;59.0
-2;6300;STARFRUIT;4999;7;4998;23;;;5005;25;;;;;5002.0;-38.2109375
-2;6400;STARFRUIT;4999;1;4998;24;;;5005;25;;;;;5002.0;-37.3984375
-2;6400;AMETHYSTS;9996;1;9995;24;;;10004;1;10005;24;;;10000.0;59.0
-2;6500;STARFRUIT;4999;27;;;;;5005;1;5006;26;;;5002.0;-42.3046875
-2;6500;AMETHYSTS;9996;1;9995;26;;;9998;1;10004;1;10005;26;9997.0;59.0
-2;6600;STARFRUIT;4998;26;;;;;5005;26;;;;;5001.5;-34.2109375
-2;6600;AMETHYSTS;9996;2;9995;24;;;10004;2;10005;24;;;10000.0;59.0
-2;6700;AMETHYSTS;9995;20;;;;;10002;3;10005;20;;;9998.5;67.0
-2;6700;STARFRUIT;4999;7;4998;20;;;5005;20;;;;;5002.0;-22.6171875
-2;6800;STARFRUIT;4997;32;;;;;5002;8;5003;2;5004;30;4999.5;-4.171875
-2;6800;AMETHYSTS;9996;2;9995;30;;;10004;2;10005;30;;;10000.0;67.0
-2;6900;STARFRUIT;4997;27;;;;;5002;1;5004;27;;;4999.5;-13.2265625
-2;6900;AMETHYSTS;9996;1;9995;26;;;10002;5;10004;1;10005;26;9999.0;67.0
-2;7000;STARFRUIT;5002;4;4997;27;;;5004;27;;;;;5003.0;-13.7734375
-2;7000;AMETHYSTS;9998;2;9995;27;;;10005;27;;;;;10001.5;67.0
-2;7100;AMETHYSTS;9996;1;9995;29;;;10004;1;10005;29;;;10000.0;71.0
-2;7100;STARFRUIT;4998;30;;;;;5005;30;;;;;5001.5;-25.1953125
-2;7200;STARFRUIT;4998;28;;;;;5005;28;;;;;5001.5;-25.109375
-2;7200;AMETHYSTS;9998;5;9996;1;9995;27;10004;1;10005;27;;;10001.0;71.0
-2;7300;STARFRUIT;4998;6;4997;29;;;5004;31;;;;;5001.0;-19.46875
-2;7300;AMETHYSTS;10002;1;9996;2;9995;29;10004;2;10005;29;;;10003.0;71.0
-2;7400;STARFRUIT;4998;22;;;;;5004;1;5005;22;;;5001.0;-23.078125
-2;7400;AMETHYSTS;9996;1;9995;22;;;10004;1;10005;22;;;10000.0;77.0
-2;7500;AMETHYSTS;9995;25;;;;;10002;10;10005;25;;;9998.5;77.0
-2;7500;STARFRUIT;4998;25;;;;;5005;25;;;;;5001.5;-22.484375
-2;7600;STARFRUIT;4997;22;;;;;5004;22;;;;;5000.5;-12.96875
-2;7600;AMETHYSTS;9996;2;9995;20;;;10004;2;10005;20;;;10000.0;77.0
-2;7700;AMETHYSTS;9995;22;;;;;10005;22;;;;;10000.0;77.0
-2;7700;STARFRUIT;4997;21;;;;;5004;22;;;;;5000.5;-6.2578125
-2;7800;AMETHYSTS;9998;3;9996;1;9995;22;10004;1;10005;22;;;10001.0;77.0
-2;7800;STARFRUIT;4998;1;4997;22;;;5004;23;;;;;5001.0;-19.6171875
-2;7900;AMETHYSTS;9996;1;9995;26;;;10004;1;10005;26;;;10000.0;77.0
-2;7900;STARFRUIT;4999;4;4998;27;;;5004;1;5005;26;;;5001.5;-22.28125
-2;8000;STARFRUIT;4998;27;;;;;5003;8;5005;27;;;5000.5;-25.421875
-2;8000;AMETHYSTS;9995;27;;;;;10005;27;;;;;10000.0;77.0
-2;8100;AMETHYSTS;9996;1;9995;22;;;10004;1;10005;22;;;10000.0;77.0
-2;8100;STARFRUIT;4998;23;;;;;5004;1;5005;22;;;5001.0;-23.3125
-2;8200;AMETHYSTS;9995;23;;;;;10005;23;;;;;10000.0;101.0
-2;8200;STARFRUIT;4997;23;;;;;5002;1;5004;23;;;4999.5;-18.078125
-2;8300;AMETHYSTS;9996;1;9995;29;;;10004;1;10005;29;;;10000.0;101.0
-2;8300;STARFRUIT;4998;30;;;;;5005;30;;;;;5001.5;-24.8125
-2;8400;STARFRUIT;4998;28;;;;;5005;28;;;;;5001.5;-24.0078125
-2;8400;AMETHYSTS;9995;28;;;;;10005;28;;;;;10000.0;101.0
-2;8500;AMETHYSTS;9998;10;9996;2;9995;29;10004;2;10005;29;;;10001.0;101.0
-2;8500;STARFRUIT;4998;2;4997;29;;;5004;31;;;;;5001.0;-18.234375
-2;8600;AMETHYSTS;9996;1;9995;22;;;10004;1;10005;22;;;10000.0;101.0
-2;8600;STARFRUIT;4997;22;;;;;5004;23;;;;;5000.5;-17.2109375
-2;8700;AMETHYSTS;9998;10;9995;27;;;10005;27;;;;;10001.5;101.0
-2;8700;STARFRUIT;4997;27;;;;;5002;4;5004;27;;;4999.5;-10.34375
-2;8800;STARFRUIT;4998;7;4997;25;;;5004;25;;;;;5001.0;-11.765625
-2;8800;AMETHYSTS;9995;25;;;;;9998;1;10005;25;;;9996.5;101.0
-2;8900;AMETHYSTS;9998;9;9995;26;;;10005;26;;;;;10001.5;103.0
-2;8900;STARFRUIT;4999;1;4998;26;;;5005;26;;;;;5002.0;-20.296875
-2;9000;AMETHYSTS;9996;2;9995;29;;;10004;2;10005;29;;;10000.0;103.0
-2;9000;STARFRUIT;4997;31;;;;;5004;31;;;;;5000.5;-13.953125
-2;9100;AMETHYSTS;9998;3;9996;2;9995;27;10004;2;10005;27;;;10001.0;103.0
-2;9100;STARFRUIT;4998;29;;;;;5005;29;;;;;5001.5;-24.75
-2;9200;STARFRUIT;4997;27;;;;;5002;7;5004;27;;;4999.5;-19.6875
-2;9200;AMETHYSTS;9998;10;9995;27;;;10005;27;;;;;10001.5;103.0
-2;9300;AMETHYSTS;9996;1;9995;20;;;10004;1;10005;20;;;10000.0;103.0
-2;9300;STARFRUIT;4998;21;;;;;5004;1;5005;20;;;5001.0;-20.828125
-2;9400;AMETHYSTS;9998;2;9996;2;9995;21;10004;2;10005;21;;;10001.0;103.0
-2;9400;STARFRUIT;4997;23;;;;;5004;23;;;;;5000.5;-14.4765625
-2;9500;AMETHYSTS;9996;1;9995;30;;;10004;1;10005;30;;;10000.0;103.0
-2;9500;STARFRUIT;4998;4;4997;31;;;5004;31;;;;;5001.0;-12.78125
-2;9600;STARFRUIT;4997;31;;;;;5004;31;;;;;5000.5;-13.125
-2;9600;AMETHYSTS;9996;1;9995;30;;;10004;1;10005;30;;;10000.0;103.0
-2;9700;AMETHYSTS;9995;22;;;;;10002;1;10005;22;;;9998.5;103.0
-2;9700;STARFRUIT;4997;22;;;;;5004;22;;;;;5000.5;-9.8203125
-2;9800;AMETHYSTS;9995;26;;;;;10005;26;;;;;10000.0;103.0
-2;9800;STARFRUIT;4997;26;;;;;5004;26;;;;;5000.5;-4.484375
-2;9900;AMETHYSTS;9995;25;;;;;10005;25;;;;;10000.0;103.0
-2;9900;STARFRUIT;5001;4;4996;25;;;5003;25;;;;;5002.0;0.6640625
-2;10000;STARFRUIT;4997;8;4996;28;;;5003;28;;;;;5000.0;6.8984375
-2;10000;AMETHYSTS;9995;28;;;;;10005;28;;;;;10000.0;103.0
-2;10100;STARFRUIT;4996;1;4995;24;;;5002;25;;;;;4999.0;7.33203125
-2;10100;AMETHYSTS;9996;1;9995;24;;;10002;3;10004;1;10005;24;9999.0;103.0
-2;10200;AMETHYSTS;9996;2;9995;26;;;10004;2;10005;26;;;10000.0;103.0
-2;10200;STARFRUIT;4996;2;4995;26;;;5002;28;;;;;4999.0;8.17578125
-2;10300;STARFRUIT;5001;1;4997;8;4996;27;5003;27;;;;;5002.0;-1.98828125
-2;10300;AMETHYSTS;9998;4;9995;27;;;10005;27;;;;;10001.5;103.0
-2;10400;STARFRUIT;4997;1;4996;29;;;5003;29;;;;;5000.0;-5.390625
-2;10400;AMETHYSTS;10002;1;9996;1;9995;28;10004;1;10005;28;;;10003.0;103.0
-2;10500;STARFRUIT;4996;31;;;;;5003;31;;;;;4999.5;-3.58984375
-2;10500;AMETHYSTS;9998;4;9996;2;9995;29;10004;2;10005;29;;;10001.0;105.0
-2;10600;AMETHYSTS;9996;2;9995;29;;;10000;4;10004;2;10005;29;9998.0;105.0
-2;10600;STARFRUIT;4997;31;;;;;5000;4;5002;4;5004;31;4998.5;3.25390625
-2;10700;STARFRUIT;4998;1;4997;28;;;5004;28;;;;;5001.0;4.140625
-2;10700;AMETHYSTS;9998;8;9995;28;;;10005;28;;;;;10001.5;105.0
-2;10800;STARFRUIT;4998;3;4997;24;;;5004;24;;;;;5001.0;2.86328125
-2;10800;AMETHYSTS;9998;5;9996;2;9995;22;10004;2;10005;22;;;10001.0;105.0
-2;10900;STARFRUIT;4999;7;4998;28;;;5005;28;;;;;5002.0;8.078125
-2;10900;AMETHYSTS;9996;1;9995;27;;;10004;1;10005;27;;;10000.0;129.0
-2;11000;AMETHYSTS;9995;24;;;;;10002;7;10005;24;;;9998.5;129.0
-2;11000;STARFRUIT;5002;7;4997;24;;;5004;24;;;;;5003.0;7.3359375
-2;11100;STARFRUIT;4998;21;;;;;5005;21;;;;;5001.5;7.515625
-2;11100;AMETHYSTS;9998;3;9995;21;;;10005;21;;;;;10001.5;129.0
-2;11200;STARFRUIT;4998;2;4997;21;;;5004;23;;;;;5001.0;14.0
-2;11200;AMETHYSTS;9996;2;9995;21;;;10002;7;10004;2;10005;21;9999.0;137.0
-2;11300;STARFRUIT;4999;3;4998;22;;;5004;1;5005;21;;;5001.5;11.6171875
-2;11300;AMETHYSTS;9996;1;9995;21;;;10004;1;10005;21;;;10000.0;137.0
-2;11400;AMETHYSTS;9996;1;9995;25;;;10004;1;10005;25;;;10000.0;137.0
-2;11400;STARFRUIT;4997;26;;;;;5003;1;5004;25;;;5000.0;24.96875
-2;11500;STARFRUIT;4997;26;;;;;5002;8;5004;26;;;4999.5;24.078125
-2;11500;AMETHYSTS;9996;1;9995;25;;;10002;7;10004;1;10005;25;9999.0;141.0
-2;11600;STARFRUIT;4997;29;;;;;5004;29;;;;;5000.5;23.4375
-2;11600;AMETHYSTS;9996;2;9995;27;;;10002;2;10004;2;10005;27;9999.0;141.0
-2;11700;STARFRUIT;4997;23;;;;;4998;2;5003;2;5004;21;4997.5;30.3984375
-2;11700;AMETHYSTS;9996;2;9995;21;;;10004;2;10005;21;;;10000.0;141.0
-2;11800;AMETHYSTS;9998;10;9995;29;;;10000;5;10005;29;;;9999.0;141.0
-2;11800;STARFRUIT;4997;29;;;;;5000;4;5004;29;;;4998.5;18.375
-2;11900;STARFRUIT;4998;32;;;;;5003;3;5004;2;5005;30;5000.5;12.8984375
-2;11900;AMETHYSTS;9996;2;9995;30;;;10004;2;10005;30;;;10000.0;141.0
-2;12000;STARFRUIT;4998;20;;;;;5005;20;;;;;5001.5;12.5859375
-2;12000;AMETHYSTS;10002;1;9995;20;;;10005;20;;;;;10003.5;141.0
-2;12100;STARFRUIT;4998;2;4997;25;;;5002;1;5004;27;;;5000.0;17.9453125
-2;12100;AMETHYSTS;9996;2;9995;25;;;10004;2;10005;25;;;10000.0;143.0
-2;12200;AMETHYSTS;9996;2;9995;28;;;10004;2;10005;28;;;10000.0;143.0
-2;12200;STARFRUIT;4998;6;4997;28;;;5004;30;;;;;5001.0;18.265625
-2;12300;STARFRUIT;4998;1;4997;28;;;5004;29;;;;;5001.0;19.453125
-2;12300;AMETHYSTS;9998;6;9996;1;9995;28;10004;1;10005;28;;;10001.0;143.0
-2;12400;STARFRUIT;4999;4;4998;26;;;5005;26;;;;;5002.0;14.28125
-2;12400;AMETHYSTS;9995;26;;;;;10005;26;;;;;10000.0;143.0
-2;12500;STARFRUIT;4998;19;;;;;5005;20;;;;;5001.5;10.2109375
-2;12500;AMETHYSTS;9995;20;;;;;10005;20;;;;;10000.0;143.0
-2;12600;AMETHYSTS;9995;22;;;;;10005;22;;;;;10000.0;143.0
-2;12600;STARFRUIT;4998;22;;;;;5005;22;;;;;5001.5;15.2734375
-2;12700;STARFRUIT;4998;2;4997;20;;;5004;22;;;;;5001.0;19.453125
-2;12700;AMETHYSTS;9996;2;9995;20;;;10004;2;10005;20;;;10000.0;143.0
-2;12800;STARFRUIT;4997;22;;;;;5004;22;;;;;5000.5;23.4921875
-2;12800;AMETHYSTS;9996;2;9995;20;;;10004;2;10005;20;;;10000.0;143.0
-2;12900;STARFRUIT;4998;7;4997;29;;;5003;1;5004;28;;;5000.5;33.7265625
-2;12900;AMETHYSTS;9996;1;9995;28;;;10002;3;10004;1;10005;28;9999.0;143.0
-2;13000;AMETHYSTS;10002;1;9995;20;;;10005;20;;;;;10003.5;143.0
-2;13000;STARFRUIT;5002;1;4997;6;4996;20;5003;20;;;;;5002.5;38.21875
-2;13100;STARFRUIT;4997;8;4996;25;;;5003;26;;;;;5000.0;38.9296875
-2;13100;AMETHYSTS;9996;1;9995;25;;;10004;1;10005;25;;;10000.0;145.0
-2;13200;STARFRUIT;4997;22;;;;;5002;5;5004;22;;;4999.5;33.71875
-2;13200;AMETHYSTS;9998;2;9995;22;;;10005;22;;;;;10001.5;145.0
-2;13300;STARFRUIT;4998;6;4997;24;;;5004;24;;;;;5001.0;23.734375
-2;13300;AMETHYSTS;9995;24;;;;;10005;24;;;;;10000.0;145.0
-2;13400;AMETHYSTS;9996;2;9995;30;;;10004;2;10005;30;;;10000.0;149.0
-2;13400;STARFRUIT;4997;32;;;;;5004;32;;;;;5000.5;29.875
-2;13500;STARFRUIT;4997;30;;;;;5002;8;5004;30;;;4999.5;25.71875
-2;13500;AMETHYSTS;9995;30;;;;;10005;30;;;;;10000.0;149.0
-2;13600;STARFRUIT;4997;24;;;;;5002;3;5004;25;;;4999.5;29.09375
-2;13600;AMETHYSTS;9995;25;;;;;10002;10;10005;25;;;9998.5;149.0
-2;13700;STARFRUIT;4999;4;4998;21;;;5004;1;5005;20;;;5001.5;13.3984375
-2;13700;AMETHYSTS;9996;1;9995;20;;;9998;4;10004;1;10005;20;9997.0;149.0
-2;13800;AMETHYSTS;9996;2;9995;20;;;10004;2;10005;20;;;10000.0;157.0
-2;13800;STARFRUIT;4999;1;4998;22;;;5004;2;5005;20;;;5001.5;13.7890625
-2;13900;STARFRUIT;4998;22;;;;;5001;6;5003;4;5005;22;4999.5;9.9921875
-2;13900;AMETHYSTS;9996;2;9995;20;;;10000;6;10004;2;10005;20;9998.0;157.0
-2;14000;STARFRUIT;4998;5;4997;27;;;5004;29;;;;;5001.0;17.1015625
-2;14000;AMETHYSTS;9998;5;9996;2;9995;27;10004;2;10005;27;;;10001.0;157.0
-2;14100;STARFRUIT;4997;25;;;;;5002;1;5004;25;;;4999.5;23.25
-2;14100;AMETHYSTS;9996;2;9995;23;;;10004;2;10005;23;;;10000.0;157.0
-2;14200;AMETHYSTS;9995;21;;;;;10005;21;;;;;10000.0;157.0
-2;14200;STARFRUIT;4997;21;;;;;4998;1;5004;21;;;4997.5;21.7421875
-2;14300;STARFRUIT;4997;29;;;;;5004;29;;;;;5000.5;27.2578125
-2;14300;AMETHYSTS;9996;2;9995;27;;;10004;2;10005;27;;;10000.0;157.0
-2;14400;STARFRUIT;4997;30;;;;;5004;30;;;;;5000.5;24.75
-2;14400;AMETHYSTS;9996;1;9995;29;;;10004;1;10005;29;;;10000.0;157.0
-2;14500;AMETHYSTS;9995;24;;;;;10002;1;10005;24;;;9998.5;157.0
-2;14500;STARFRUIT;4997;24;;;;;5004;24;;;;;5000.5;35.9609375
-2;14600;STARFRUIT;4997;28;;;;;5000;2;5004;28;;;4998.5;31.2265625
-2;14600;AMETHYSTS;9996;2;9995;26;;;10000;2;10004;2;10005;26;9998.0;157.0
-2;14700;STARFRUIT;4997;30;;;;;5004;30;;;;;5000.5;37.6953125
-2;14700;AMETHYSTS;9995;30;;;;;10002;7;10005;30;;;9998.5;157.0
-2;14800;STARFRUIT;4997;28;;;;;5004;28;;;;;5000.5;25.3515625
-2;14800;AMETHYSTS;9995;28;;;;;10002;6;10005;28;;;9998.5;157.0
-2;14900;AMETHYSTS;10000;4;9995;26;;;10005;26;;;;;10002.5;157.0
-2;14900;STARFRUIT;5000;4;4997;26;;;5004;26;;;;;5002.0;27.4375
-2;15000;STARFRUIT;5003;8;4998;25;;;5005;25;;;;;5004.0;19.578125
-2;15000;AMETHYSTS;9998;1;9995;25;;;10005;25;;;;;10001.5;157.0
-2;15100;STARFRUIT;4998;5;4997;22;;;5004;22;;;;;5001.0;29.59375
-2;15100;AMETHYSTS;9995;22;;;;;10005;22;;;;;10000.0;157.0
-2;15200;STARFRUIT;4997;27;;;;;4998;1;5004;27;;;4997.5;26.5390625
-2;15200;AMETHYSTS;9998;6;9995;27;;;10005;27;;;;;10001.5;157.0
-2;15300;AMETHYSTS;9995;26;;;;;10002;1;10005;26;;;9998.5;157.0
-2;15300;STARFRUIT;4997;26;;;;;5002;4;5004;26;;;4999.5;27.306640625
-2;15400;STARFRUIT;4998;5;4997;30;;;5003;2;5004;28;;;5000.5;28.4765625
-2;15400;AMETHYSTS;9996;2;9995;28;;;9998;1;10004;2;10005;28;9997.0;161.0
-2;15500;STARFRUIT;4997;31;;;;;5002;8;5003;2;5004;29;4999.5;28.421875
-2;15500;AMETHYSTS;10002;1;9996;2;9995;29;10004;2;10005;29;;;10003.0;163.0
-2;15600;STARFRUIT;4997;7;4996;24;;;5003;26;;;;;5000.0;29.18359375
-2;15600;AMETHYSTS;9996;2;9995;24;;;10004;2;10005;24;;;10000.0;165.0
-2;15700;AMETHYSTS;10002;5;9996;1;9995;24;10004;1;10005;24;;;10003.0;169.0
-2;15700;STARFRUIT;4997;25;;;;;5003;1;5004;24;;;5000.0;28.55859375
-2;15800;STARFRUIT;5002;1;4997;22;;;5004;22;;;;;5003.0;26.77734375
-2;15800;AMETHYSTS;9998;10;9996;2;9995;20;10004;2;10005;20;;;10001.0;179.0
-2;15900;STARFRUIT;4997;31;;;;;5000;6;5002;2;5004;31;4998.5;25.220703125
-2;15900;AMETHYSTS;9996;2;9995;29;;;10000;6;10004;2;10005;29;9998.0;179.0
-2;16000;STARFRUIT;4997;29;;;;;5002;2;5004;29;;;4999.5;29.0
-2;16000;AMETHYSTS;9996;2;9995;27;;;10002;6;10004;2;10005;27;9999.0;179.0
-2;16100;AMETHYSTS;9995;21;;;;;10000;2;10002;10;10005;21;9997.5;179.0
-2;16100;STARFRUIT;4997;21;;;;;5000;2;5004;21;;;4998.5;29.0
-2;16200;STARFRUIT;4996;24;;;;;4998;1;5003;24;;;4997.0;29.0
-2;16200;AMETHYSTS;9995;24;;;;;9998;1;10005;24;;;9996.5;179.0
-2;16300;STARFRUIT;4997;2;4996;23;;;5003;23;;;;;5000.0;30.650390625
-2;16300;AMETHYSTS;9996;1;9995;22;;;10004;1;10005;22;;;10000.0;181.0
-2;16400;STARFRUIT;4996;2;4995;30;;;5002;32;;;;;4999.0;29.80419921875
-2;16400;AMETHYSTS;9996;2;9995;30;;;10002;3;10004;2;10005;30;9999.0;197.0
-2;16500;AMETHYSTS;9996;2;9995;21;;;10002;7;10004;2;10005;21;9999.0;197.0
-2;16500;STARFRUIT;4996;23;;;;;5002;2;5003;21;;;4999.0;30.10302734375
-2;16600;STARFRUIT;4996;29;;;;;5002;2;5003;28;;;4999.0;30.0068359375
-2;16600;AMETHYSTS;9998;4;9996;2;9995;28;10004;2;10005;28;;;10001.0;197.0
-2;16700;AMETHYSTS;10002;1;9995;26;;;10005;26;;;;;10003.5;197.0
-2;16700;STARFRUIT;5001;1;4995;26;;;5002;26;;;;;5001.5;29.90576171875
-2;16800;AMETHYSTS;9995;26;;;;;10005;26;;;;;10000.0;199.0
-2;16800;STARFRUIT;4996;26;;;;;5003;26;;;;;4999.5;32.0
-2;16900;AMETHYSTS;9996;1;9995;25;;;10004;1;10005;25;;;10000.0;209.0
-2;16900;STARFRUIT;4996;26;;;;;5003;26;;;;;4999.5;32.0
-2;17000;STARFRUIT;4996;29;;;;;5003;29;;;;;4999.5;32.0
-2;17000;AMETHYSTS;9998;9;9995;29;;;10005;29;;;;;10001.5;209.0
-2;17100;AMETHYSTS;9996;2;9995;21;;;10004;2;10005;21;;;10000.0;209.0
-2;17100;STARFRUIT;4996;23;;;;;5002;2;5003;21;;;4999.0;30.5859375
-2;17200;AMETHYSTS;9998;3;9996;2;9995;22;10004;2;10005;22;;;10001.0;209.0
-2;17200;STARFRUIT;4996;24;;;;;5003;24;;;;;4999.5;28.4140625
-2;17300;AMETHYSTS;9996;2;9995;23;;;10002;9;10004;2;10005;23;9999.0;209.0
-2;17300;STARFRUIT;4996;25;;;;;5001;6;5003;25;;;4998.5;25.55859375
-2;17400;STARFRUIT;4999;6;4996;28;;;5003;28;;;;;5001.0;29.859375
-2;17400;AMETHYSTS;10000;6;9998;7;9995;28;10005;28;;;;;10002.5;209.0
-2;17500;AMETHYSTS;9995;26;;;;;10005;26;;;;;10000.0;209.0
-2;17500;STARFRUIT;4996;26;;;;;5003;26;;;;;4999.5;23.0859375
-2;17600;AMETHYSTS;9998;6;9995;30;;;10005;30;;;;;10001.5;209.0
-2;17600;STARFRUIT;4996;30;;;;;5003;30;;;;;4999.5;19.859375
-2;17700;AMETHYSTS;9996;2;9995;27;;;10004;2;10005;27;;;10000.0;209.0
-2;17700;STARFRUIT;5001;1;4996;2;4995;27;5002;29;;;;;5001.5;32.453125
-2;17800;STARFRUIT;4996;26;;;;;5002;2;5003;24;;;4999.0;33.625
-2;17800;AMETHYSTS;9996;2;9995;24;;;10002;5;10004;2;10005;24;9999.0;209.0
-2;17900;AMETHYSTS;9995;23;;;;;10005;23;;;;;10000.0;209.0
-2;17900;STARFRUIT;4995;23;;;;;5002;23;;;;;4998.5;42.703125
-2;18000;AMETHYSTS;9996;2;9995;25;;;10004;2;10005;25;;;10000.0;209.0
-2;18000;STARFRUIT;4996;2;4995;25;;;5002;27;;;;;4999.0;34.5703125
-2;18100;AMETHYSTS;9995;20;;;;;10005;20;;;;;10000.0;209.0
-2;18100;STARFRUIT;4996;20;;;;;5003;20;;;;;4999.5;28.796875
-2;18200;STARFRUIT;4995;25;;;;;4997;4;5002;26;;;4996.0;36.7265625
-2;18200;AMETHYSTS;9996;1;9995;25;;;10004;1;10005;25;;;10000.0;209.0
-2;18300;AMETHYSTS;9996;2;9995;23;;;10004;2;10005;23;;;10000.0;209.0
-2;18300;STARFRUIT;4995;25;;;;;5002;25;;;;;4998.5;43.0859375
-2;18400;AMETHYSTS;9996;2;9995;23;;;10004;2;10005;23;;;10000.0;209.0
-2;18400;STARFRUIT;4995;25;;;;;5000;5;5002;25;;;4997.5;42.3671875
-2;18500;AMETHYSTS;9995;29;;;;;10000;2;10005;29;;;9997.5;209.0
-2;18500;STARFRUIT;4995;29;;;;;4998;1;5002;29;;;4996.5;44.1015625
-2;18600;STARFRUIT;4996;20;;;;;5001;5;5003;20;;;4998.5;33.171875
-2;18600;AMETHYSTS;10002;1;9995;20;;;10005;20;;;;;10003.5;209.0
-2;18700;AMETHYSTS;9995;22;;;;;10005;22;;;;;10000.0;211.0
-2;18700;STARFRUIT;4996;22;;;;;5003;22;;;;;4999.5;27.875
-2;18800;AMETHYSTS;9996;2;9995;26;;;10004;2;10005;26;;;10000.0;211.0
-2;18800;STARFRUIT;4996;28;;;;;5002;2;5003;26;;;4999.0;29.9140625
-2;18900;STARFRUIT;4996;22;;;;;5003;22;;;;;4999.5;25.7890625
-2;18900;AMETHYSTS;9998;2;9995;22;;;10005;22;;;;;10001.5;211.0
-2;19000;STARFRUIT;4995;28;;;;;4996;10;5002;28;;;4995.5;40.375
-2;19000;AMETHYSTS;9996;2;9995;26;;;10004;2;10005;26;;;10000.0;211.0
-2;19100;STARFRUIT;4996;2;4995;26;;;5002;28;;;;;4999.0;65.8515625
-2;19100;AMETHYSTS;9996;2;9995;26;;;10004;2;10005;26;;;10000.0;211.0
-2;19200;AMETHYSTS;9996;1;9995;20;;;9998;1;10004;1;10005;20;9997.0;211.0
-2;19200;STARFRUIT;4996;21;;;;;5002;1;5003;20;;;4999.0;63.09765625
-2;19300;STARFRUIT;4996;23;;;;;5002;2;5003;21;;;4999.0;63.67578125
-2;19300;AMETHYSTS;9996;2;9995;21;;;10004;2;10005;21;;;10000.0;213.0
-2;19400;STARFRUIT;4995;26;;;;;5002;26;;;;;4998.5;66.703125
-2;19400;AMETHYSTS;9995;26;;;;;10005;26;;;;;10000.0;215.0
-2;19500;STARFRUIT;4995;23;;;;;5002;23;;;;;4998.5;65.12890625
-2;19500;AMETHYSTS;9995;23;;;;;10005;23;;;;;10000.0;215.0
-2;19600;AMETHYSTS;9996;2;9995;27;;;10004;2;10005;27;;;10000.0;215.0
-2;19600;STARFRUIT;4997;2;4996;27;;;5003;29;;;;;5000.0;59.671875
-2;19700;STARFRUIT;4997;1;4996;30;;;5001;7;5003;32;;;4999.0;59.109375
-2;19700;AMETHYSTS;10002;1;9996;2;9995;30;10004;2;10005;30;;;10003.0;215.0
-2;19800;STARFRUIT;4996;31;;;;;5003;31;;;;;4999.5;62.23828125
-2;19800;AMETHYSTS;9996;2;9995;29;;;10004;2;10005;29;;;10000.0;217.0
-2;19900;STARFRUIT;4997;2;4996;30;;;5003;32;;;;;5000.0;58.2109375
-2;19900;AMETHYSTS;9996;2;9995;30;;;10004;2;10005;30;;;10000.0;217.0
-2;20000;AMETHYSTS;9995;27;;;;;10002;4;10005;27;;;9998.5;217.0
-2;20000;STARFRUIT;4997;2;4996;27;;;5003;27;;;;;5000.0;62.1328125
-2;20100;STARFRUIT;4996;31;;;;;5001;4;5003;31;;;4998.5;57.8515625
-2;20100;AMETHYSTS;10002;1;9996;1;9995;30;10004;1;10005;30;;;10003.0;217.0
-2;20200;STARFRUIT;4996;29;;;;;5003;29;;;;;4999.5;61.625
-2;20200;AMETHYSTS;9995;29;;;;;9998;1;10005;29;;;9996.5;219.0
-2;20300;STARFRUIT;4996;27;;;;;4997;1;5003;27;;;4996.5;54.40625
-2;20300;AMETHYSTS;9995;27;;;;;10005;27;;;;;10000.0;221.0
-2;20400;AMETHYSTS;9996;1;9995;28;;;10000;4;10004;1;10005;28;9998.0;221.0
-2;20400;STARFRUIT;4997;1;4996;29;;;4999;4;5002;1;5003;28;4998.0;60.8515625
-2;20500;STARFRUIT;4999;4;4997;5;4996;32;5003;32;;;;;5001.0;50.84375
-2;20500;AMETHYSTS;10000;3;9996;2;9995;30;10004;2;10005;30;;;10002.0;221.0
-2;20600;STARFRUIT;4997;2;4996;26;;;5003;28;;;;;5000.0;48.5859375
-2;20600;AMETHYSTS;9996;2;9995;26;;;10004;2;10005;26;;;10000.0;221.0
-2;20700;STARFRUIT;4999;6;4996;22;;;5003;22;;;;;5001.0;61.6796875
-2;20700;AMETHYSTS;10002;1;10000;6;9998;4;10005;22;;;;;10003.5;221.0
-2;20800;AMETHYSTS;9996;2;9995;22;;;10004;2;10005;22;;;10000.0;223.0
-2;20800;STARFRUIT;4995;24;;;;;5002;24;;;;;4998.5;76.625
-2;20900;STARFRUIT;5000;1;4995;23;;;5002;23;;;;;5001.0;79.0390625
-2;20900;AMETHYSTS;9995;23;;;;;10005;23;;;;;10000.0;223.0
-2;21000;STARFRUIT;4996;2;4995;26;;;5002;28;;;;;4999.0;69.2578125
-2;21000;AMETHYSTS;9996;2;9995;26;;;10004;2;10005;26;;;10000.0;223.0
-2;21100;STARFRUIT;4996;2;4995;22;;;5002;24;;;;;4999.0;68.3125
-2;21100;AMETHYSTS;9996;2;9995;22;;;10004;2;10005;22;;;10000.0;223.0
-2;21200;AMETHYSTS;9995;22;;;;;9998;1;10005;22;;;9996.5;223.0
-2;21200;STARFRUIT;4995;22;;;;;5002;22;;;;;4998.5;67.8203125
-2;21300;STARFRUIT;4996;1;4995;29;;;5002;30;;;;;4999.0;69.6171875
-2;21300;AMETHYSTS;9996;1;9995;29;;;10002;7;10004;1;10005;29;9999.0;225.0
-2;21400;STARFRUIT;4996;28;;;;;5003;28;;;;;4999.5;64.046875
-2;21400;AMETHYSTS;9995;28;;;;;10005;28;;;;;10000.0;241.0
-2;21500;STARFRUIT;5000;4;4996;21;;;5002;1;5003;20;;;5001.0;61.203125
-2;21500;AMETHYSTS;9996;1;9995;20;;;10004;1;10005;20;;;10000.0;241.0
-2;21600;AMETHYSTS;10002;12;9996;2;9995;25;10004;2;10005;25;;;10003.0;241.0
-2;21600;STARFRUIT;4996;27;;;;;5003;27;;;;;4999.5;59.1015625
-2;21700;STARFRUIT;4996;2;4995;29;;;5002;31;;;;;4999.0;66.5703125
-2;21700;AMETHYSTS;9998;8;9996;2;9995;29;10004;2;10005;29;;;10001.0;265.0
-2;21800;STARFRUIT;4996;24;;;;;5003;24;;;;;4999.5;57.59375
-2;21800;AMETHYSTS;9996;2;9995;22;;;10004;2;10005;22;;;10000.0;265.0
-2;21900;STARFRUIT;4997;1;4996;21;;;5003;22;;;;;5000.0;47.2890625
-2;21900;AMETHYSTS;10002;3;9996;1;9995;21;10004;1;10005;21;;;10003.0;265.0
-2;22000;AMETHYSTS;9995;21;;;;;10005;21;;;;;10000.0;271.0
-2;22000;STARFRUIT;4996;21;;;;;5003;21;;;;;4999.5;57.1640625
-2;22100;STARFRUIT;4997;23;;;;;5004;24;;;;;5000.5;39.75
-2;22100;AMETHYSTS;9996;2;9995;22;;;10002;7;10004;2;10005;22;9999.0;271.0
-2;22200;STARFRUIT;4997;21;;;;;5004;21;;;;;5000.5;34.2890625
-2;22200;AMETHYSTS;9998;6;9996;1;9995;20;10004;1;10005;20;;;10001.0;271.0
-2;22300;STARFRUIT;4997;29;;;;;5004;29;;;;;5000.5;38.0
-2;22300;AMETHYSTS;9996;1;9995;28;;;10004;1;10005;28;;;10000.0;281.0
-2;22400;AMETHYSTS;9996;2;9995;27;;;9998;1;10004;2;10005;27;9997.0;281.0
-2;22400;STARFRUIT;4996;29;;;;;5003;29;;;;;4999.5;52.4375
-2;22500;STARFRUIT;4997;2;4996;29;;;5003;31;;;;;5000.0;47.484375
-2;22500;AMETHYSTS;9996;2;9995;29;;;10004;2;10005;29;;;10000.0;301.0
-2;22600;STARFRUIT;5000;6;4998;4;4997;22;5003;2;5004;20;;;5001.5;43.2734375
-2;22600;AMETHYSTS;10000;6;9998;6;9996;2;10004;2;10005;20;;;10002.0;301.0
-2;22700;STARFRUIT;4997;1;4996;24;;;5003;26;;;;;5000.0;47.796875
-2;22700;AMETHYSTS;9996;2;9995;24;;;10004;2;10005;24;;;10000.0;301.0
-2;22800;AMETHYSTS;9996;1;9995;27;;;9998;2;10004;1;10005;27;9997.0;301.0
-2;22800;STARFRUIT;4996;27;;;;;5002;1;5003;27;;;4999.0;61.359375
-2;22900;STARFRUIT;4996;32;;;;;5003;32;;;;;4999.5;52.875
-2;22900;AMETHYSTS;9996;2;9995;30;;;10002;8;10004;2;10005;30;9999.0;305.0
-2;23000;STARFRUIT;4996;22;;;;;5003;22;;;;;4999.5;57.3359375
-2;23000;AMETHYSTS;9996;1;9995;21;;;10004;1;10005;21;;;10000.0;305.0
-2;23100;STARFRUIT;4996;23;;;;;5003;23;;;;;4999.5;60.9296875
-2;23100;AMETHYSTS;9998;8;9995;23;;;10005;23;;;;;10001.5;305.0
-2;23200;AMETHYSTS;9998;5;9996;2;9995;29;10004;2;10005;29;;;10001.0;305.0
-2;23200;STARFRUIT;4997;31;;;;;5002;3;5004;31;;;4999.5;39.40625
-2;23300;STARFRUIT;4998;30;;;;;5004;1;5005;29;;;5001.0;23.3046875
-2;23300;AMETHYSTS;9996;1;9995;29;;;10004;1;10005;29;;;10000.0;305.0
-2;23400;STARFRUIT;4998;30;;;;;5005;30;;;;;5001.5;16.1015625
-2;23400;AMETHYSTS;9996;1;9995;29;;;10004;1;10005;29;;;10000.0;305.0
-2;23500;AMETHYSTS;9998;8;9996;2;9995;28;10004;2;10005;28;;;10001.0;305.0
-2;23500;STARFRUIT;4998;29;;;;;5003;4;5005;30;;;5000.5;19.5625
-2;23600;STARFRUIT;4998;27;;;;;5005;27;;;;;5001.5;14.6640625
-2;23600;AMETHYSTS;9995;27;;;;;10005;27;;;;;10000.0;305.0
-2;23700;STARFRUIT;4997;23;;;;;5002;7;5004;23;;;4999.5;31.9453125
-2;23700;AMETHYSTS;10002;1;9996;2;9995;21;10004;2;10005;21;;;10003.0;305.0
-2;23800;STARFRUIT;5003;1;4997;30;;;5004;30;;;;;5003.5;31.15625
-2;23800;AMETHYSTS;9995;30;;;;;10005;30;;;;;10000.0;323.0
-2;23900;AMETHYSTS;9995;30;;;;;10005;30;;;;;10000.0;323.0
-2;23900;STARFRUIT;5002;1;4998;1;4997;30;5004;30;;;;;5003.0;36.9296875
-2;24000;STARFRUIT;4996;29;;;;;5003;29;;;;;4999.5;46.6796875
-2;24000;AMETHYSTS;9998;9;9995;29;;;10005;29;;;;;10001.5;323.0
-2;24100;STARFRUIT;4996;26;;;;;5001;3;5003;26;;;4998.5;58.671875
-2;24100;AMETHYSTS;9996;1;9995;25;;;10004;1;10005;25;;;10000.0;323.0
-2;24200;STARFRUIT;4996;30;;;;;5003;30;;;;;4999.5;54.7109375
-2;24200;AMETHYSTS;9996;2;9995;28;;;10002;6;10004;2;10005;28;9999.0;339.0
-2;24300;AMETHYSTS;9996;2;9995;24;;;10002;1;10004;2;10005;24;9999.0;339.0
-2;24300;STARFRUIT;4996;26;;;;;5003;26;;;;;4999.5;54.0546875
-2;24400;STARFRUIT;5002;1;4996;22;;;5003;22;;;;;5002.5;52.859375
-2;24400;AMETHYSTS;10002;1;9998;4;9996;1;10004;1;10005;21;;;10003.0;339.0
-2;24500;STARFRUIT;4997;1;4996;25;;;5003;26;;;;;5000.0;46.4921875
-2;24500;AMETHYSTS;10002;1;9996;1;9995;25;10004;1;10005;25;;;10003.0;341.0
-2;24600;STARFRUIT;4996;24;;;;;5001;2;5003;24;;;4998.5;56.1875
-2;24600;AMETHYSTS;9995;24;;;;;9998;2;10005;24;;;9996.5;347.0
-2;24700;AMETHYSTS;9995;25;;;;;10005;25;;;;;10000.0;351.0
-2;24700;STARFRUIT;4996;25;;;;;5003;25;;;;;4999.5;64.5703125
-2;24800;STARFRUIT;4995;23;;;;;5002;23;;;;;4998.5;76.609375
-2;24800;AMETHYSTS;9995;23;;;;;10005;23;;;;;10000.0;351.0
-2;24900;STARFRUIT;4999;4;4995;23;;;5002;23;;;;;5000.5;78.8984375
-2;24900;AMETHYSTS;10002;1;9996;1;9995;22;10004;1;10005;22;;;10003.0;351.0
-2;25000;STARFRUIT;4995;23;;;;;5002;23;;;;;4998.5;73.7578125
-2;25000;AMETHYSTS;9995;23;;;;;10005;23;;;;;10000.0;353.0
-2;25100;AMETHYSTS;10002;1;9995;25;;;10005;25;;;;;10003.5;353.0
-2;25100;STARFRUIT;4995;25;;;;;5000;4;5002;25;;;4997.5;74.7890625
-2;25200;STARFRUIT;4996;1;4995;24;;;5000;3;5002;25;;;4998.0;70.453125
-2;25200;AMETHYSTS;9996;1;9995;24;;;9998;5;10004;1;10005;24;9997.0;355.0
-2;25300;STARFRUIT;4996;2;4995;24;;;5002;24;;;;;4999.0;78.4609375
-2;25300;AMETHYSTS;9996;2;9995;22;;;10004;2;10005;22;;;10000.0;365.0
-2;25400;AMETHYSTS;9996;1;9995;29;;;10004;1;10005;29;;;10000.0;365.0
-2;25400;STARFRUIT;5000;8;4995;30;;;5001;1;5002;29;;;5000.5;81.65625
-2;25500;AMETHYSTS;9996;1;9995;20;;;9998;6;10002;9;10004;1;9997.0;365.0
-2;25500;STARFRUIT;4995;1;4994;20;;;5001;21;;;;;4998.0;86.859375
-2;25600;STARFRUIT;4995;8;4994;23;;;5001;23;;;;;4998.0;95.3203125
-2;25600;AMETHYSTS;9996;1;9995;22;;;10002;7;10004;1;10005;22;9999.0;377.0
-2;25700;AMETHYSTS;9996;2;9995;30;;;10004;2;10005;30;;;10000.0;377.0
-2;25700;STARFRUIT;4995;32;;;;;5000;6;5001;2;5002;30;4997.5;82.75
-2;25800;AMETHYSTS;10002;4;9995;24;;;10005;24;;;;;10003.5;385.0
-2;25800;STARFRUIT;4995;23;;;;;5002;24;;;;;4998.5;76.984375
-2;25900;AMETHYSTS;9996;2;9995;23;;;10004;2;10005;23;;;10000.0;393.0
-2;25900;STARFRUIT;4995;25;;;;;5001;2;5002;23;;;4998.0;82.15625
-2;26000;STARFRUIT;4994;27;;;;;4995;5;5001;29;;;4994.5;87.359375
-2;26000;AMETHYSTS;9996;2;9995;27;;;10004;2;10005;27;;;10000.0;393.0
-2;26100;AMETHYSTS;9998;7;9995;20;;;10005;20;;;;;10001.5;393.0
-2;26100;STARFRUIT;4994;20;;;;;5001;20;;;;;4997.5;101.65625
-2;26200;AMETHYSTS;9996;1;9995;22;;;10004;1;10005;22;;;10000.0;393.0
-2;26200;STARFRUIT;4994;23;;;;;5000;1;5001;22;;;4997.0;108.5546875
-2;26300;AMETHYSTS;9996;1;9995;29;;;9998;1;10004;1;10005;29;9997.0;393.0
-2;26300;STARFRUIT;4994;30;;;;;5001;30;;;;;4997.5;106.484375
-2;26400;STARFRUIT;4994;5;4993;22;;;5000;22;;;;;4997.0;112.67578125
-2;26400;AMETHYSTS;9995;22;;;;;10005;22;;;;;10000.0;395.0
-2;26500;AMETHYSTS;9996;1;9995;23;;;10004;1;10005;23;;;10000.0;395.0
-2;26500;STARFRUIT;4993;24;;;;;5000;24;;;;;4996.5;114.45703125
-2;26600;AMETHYSTS;9996;2;9995;28;;;9998;1;10004;2;10005;28;9997.0;395.0
-2;26600;STARFRUIT;4994;6;4993;30;;;5000;30;;;;;4997.0;119.359375
-2;26700;AMETHYSTS;9998;2;9996;1;9995;23;10004;1;10005;23;;;10001.0;397.0
-2;26700;STARFRUIT;4993;24;;;;;4998;6;4999;1;5000;23;4995.5;121.6640625
-2;26800;STARFRUIT;4998;1;4992;30;;;4999;30;;;;;4998.5;128.03125
-2;26800;AMETHYSTS;9996;2;9995;28;;;10004;2;10005;28;;;10000.0;397.0
-2;26900;AMETHYSTS;10002;1;9995;30;;;10005;30;;;;;10003.5;397.0
-2;26900;STARFRUIT;4991;30;;;;;4992;1;4998;30;;;4991.5;138.6015625
-2;27000;AMETHYSTS;9995;28;;;;;10002;1;10005;28;;;9998.5;399.0
-2;27000;STARFRUIT;4992;2;4991;28;;;4998;28;;;;;4995.0;146.1796875
-2;27100;AMETHYSTS;9995;24;;;;;10005;24;;;;;10000.0;399.0
-2;27100;STARFRUIT;4992;3;4991;24;;;4998;24;;;;;4995.0;149.4375
-2;27200;STARFRUIT;4991;21;;;;;4996;2;4998;21;;;4993.5;150.85546875
-2;27200;AMETHYSTS;9998;2;9995;21;;;10005;21;;;;;10001.5;399.0
-2;27300;AMETHYSTS;9996;2;9995;29;;;10004;2;10005;29;;;10000.0;399.0
-2;27300;STARFRUIT;4996;1;4991;31;;;4997;2;4998;29;;;4996.5;150.53125
-2;27400;AMETHYSTS;9995;21;;;;;10005;21;;;;;10000.0;399.0
-2;27400;STARFRUIT;4991;21;;;;;4998;21;;;;;4994.5;144.4375
-2;27500;AMETHYSTS;9996;1;9995;22;;;10004;1;10005;22;;;10000.0;399.0
-2;27500;STARFRUIT;4992;23;;;;;4997;6;4998;1;4999;22;4994.5;140.25
-2;27600;STARFRUIT;4993;6;4992;24;;;4999;24;;;;;4996.0;141.5625
-2;27600;AMETHYSTS;9998;5;9995;24;;;10005;24;;;;;10001.5;399.0
-2;27700;STARFRUIT;4992;24;;;;;4993;5;4999;24;;;4992.5;137.81640625
-2;27700;AMETHYSTS;9995;24;;;;;10005;24;;;;;10000.0;399.0
-2;27800;AMETHYSTS;9998;9;9996;2;9995;26;10004;2;10005;26;;;10001.0;399.0
-2;27800;STARFRUIT;4992;28;;;;;4997;3;4998;2;4999;26;4994.5;141.3984375
-2;27900;STARFRUIT;4998;1;4992;29;;;4999;29;;;;;4998.5;133.90625
-2;27900;AMETHYSTS;9996;2;9995;27;;;10002;4;10004;2;10005;27;9999.0;399.0
-2;28000;STARFRUIT;4992;28;;;;;4999;28;;;;;4995.5;133.234375
-2;28000;AMETHYSTS;9998;2;9995;28;;;10005;28;;;;;10001.5;399.0
-2;28100;STARFRUIT;4992;26;;;;;4999;26;;;;;4995.5;140.8046875
-2;28100;AMETHYSTS;9996;2;9995;24;;;10004;2;10005;24;;;10000.0;399.0
-2;28200;AMETHYSTS;9996;1;9995;25;;;9998;2;10004;1;10005;25;9997.0;399.0
-2;28200;STARFRUIT;4992;26;;;;;4997;5;4999;26;;;4994.5;136.609375
-2;28300;STARFRUIT;4993;1;4992;23;;;4994;2;4999;24;;;4993.5;132.0625
-2;28300;AMETHYSTS;9996;1;9995;23;;;10004;1;10005;23;;;10000.0;403.0
-2;28400;STARFRUIT;4992;1;4991;23;;;4998;25;;;;;4995.0;148.75
-2;28400;AMETHYSTS;9996;2;9995;23;;;10004;2;10005;23;;;10000.0;403.0
-2;28500;STARFRUIT;4991;23;;;;;4998;23;;;;;4994.5;152.33203125
-2;28500;AMETHYSTS;9998;10;9995;23;;;10005;23;;;;;10001.5;403.0
-2;28600;AMETHYSTS;10002;1;9996;2;9995;21;10004;2;10005;21;;;10003.0;403.0
-2;28600;STARFRUIT;4991;23;;;;;4996;8;4998;23;;;4993.5;154.60546875
-2;28700;STARFRUIT;4990;30;;;;;4997;30;;;;;4993.5;163.828125
-2;28700;AMETHYSTS;9995;30;;;;;10005;30;;;;;10000.0;405.0
-2;28800;STARFRUIT;4990;27;;;;;4997;27;;;;;4993.5;168.9296875
-2;28800;AMETHYSTS;9995;27;;;;;10005;27;;;;;10000.0;405.0
-2;28900;STARFRUIT;4990;5;4989;21;;;4996;22;;;;;4993.0;173.46875
-2;28900;AMETHYSTS;9998;7;9996;1;9995;21;10004;1;10005;21;;;10001.0;405.0
-2;29000;AMETHYSTS;9995;24;;;;;10005;24;;;;;10000.0;405.0
-2;29000;STARFRUIT;4989;24;;;;;4990;1;4996;24;;;4989.5;171.05859375
-2;29100;STARFRUIT;4991;3;4990;28;;;4996;2;4997;26;;;4993.5;172.7421875
-2;29100;AMETHYSTS;9996;2;9995;26;;;10004;2;10005;26;;;10000.0;421.0
-2;29200;STARFRUIT;4996;1;4991;31;;;4997;1;4998;30;;;4996.5;161.2578125
-2;29200;AMETHYSTS;9996;1;9995;30;;;10004;1;10005;30;;;10000.0;421.0
-2;29300;STARFRUIT;4991;32;;;;;4995;2;4997;32;;;4993.0;164.9921875
-2;29300;AMETHYSTS;9996;2;9995;30;;;10002;3;10004;2;10005;30;9999.0;421.0
-2;29400;AMETHYSTS;10002;1;9996;1;9995;25;10004;1;10005;25;;;10003.0;421.0
-2;29400;STARFRUIT;4991;25;;;;;4998;26;;;;;4994.5;160.578125
-2;29500;STARFRUIT;4992;2;4991;29;;;4998;29;;;;;4995.0;160.1484375
-2;29500;AMETHYSTS;9996;2;9995;27;;;10004;2;10005;27;;;10000.0;423.0
-2;29600;STARFRUIT;4991;30;;;;;4996;3;4998;30;;;4993.5;158.65625
-2;29600;AMETHYSTS;9996;2;9995;28;;;10004;2;10005;28;;;10000.0;423.0
-2;29700;STARFRUIT;4992;2;4991;26;;;4997;1;4998;25;;;4994.5;165.125
-2;29700;AMETHYSTS;9996;1;9995;25;;;10002;4;10004;1;10005;25;9999.0;423.0
-2;29800;AMETHYSTS;9998;6;9996;1;9995;30;10004;1;10005;30;;;10001.0;423.0
-2;29800;STARFRUIT;4990;31;;;;;4995;1;4997;31;;;4992.5;175.78125
-2;29900;STARFRUIT;4991;8;4990;21;;;4997;21;;;;;4994.0;180.0625
-2;29900;AMETHYSTS;9995;21;;;;;10005;21;;;;;10000.0;423.0
-2;30000;STARFRUIT;4990;31;;;;;4997;31;;;;;4993.5;175.09375
-2;30000;AMETHYSTS;9998;3;9996;1;9995;30;10004;1;10005;30;;;10001.0;423.0
-2;30100;STARFRUIT;4991;30;;;;;4997;30;;;;;4994.0;165.03125
-2;30100;AMETHYSTS;9996;2;9995;28;;;10004;2;10005;28;;;10000.0;425.0
-2;30200;AMETHYSTS;9996;2;9995;20;;;10004;2;10005;20;;;10000.0;425.0
-2;30200;STARFRUIT;4991;22;;;;;4997;2;4998;20;;;4994.0;159.9609375
-2;30300;STARFRUIT;4996;1;4991;31;;;4998;31;;;;;4997.0;156.171875
-2;30300;AMETHYSTS;9996;2;9995;29;;;10002;9;10004;2;10005;29;9999.0;425.0
-2;30400;STARFRUIT;4994;5;4991;31;;;4997;2;4998;29;;;4995.5;164.0859375
-2;30400;AMETHYSTS;10000;5;9996;2;9995;29;10002;8;10004;2;10005;29;10001.0;425.0
-2;30500;STARFRUIT;4991;22;;;;;4998;22;;;;;4994.5;152.5
-2;30500;AMETHYSTS;9998;5;9996;2;9995;20;10004;2;10005;20;;;10001.0;425.0
-2;30600;AMETHYSTS;9996;2;9995;20;;;10002;4;10004;2;10005;20;9999.0;425.0
-2;30600;STARFRUIT;4992;21;;;;;4998;2;4999;20;;;4995.0;142.3515625
-2;30700;STARFRUIT;4992;30;;;;;4999;30;;;;;4995.5;146.390625
-2;30700;AMETHYSTS;9995;30;;;;;10005;30;;;;;10000.0;425.0
-2;30800;STARFRUIT;4993;3;4992;31;;;4998;1;4999;30;;;4995.5;146.75
-2;30800;AMETHYSTS;9996;1;9995;30;;;10004;1;10005;30;;;10000.0;425.0
-2;30900;STARFRUIT;4991;30;;;;;4996;7;4998;30;;;4993.5;154.3046875
-2;30900;AMETHYSTS;9996;2;9995;28;;;10002;6;10004;2;10005;28;9999.0;425.0
-2;31000;AMETHYSTS;10000;4;9996;1;9995;22;10004;1;10005;22;;;10002.0;425.0
-2;31000;STARFRUIT;4995;4;4993;7;4992;23;4998;1;4999;22;;;4996.5;143.21875
-2;31100;STARFRUIT;4992;29;;;;;4999;29;;;;;4995.5;140.1640625
-2;31100;AMETHYSTS;9996;2;9995;27;;;10004;2;10005;27;;;10000.0;425.0
-2;31200;STARFRUIT;4992;31;;;;;4999;31;;;;;4995.5;140.8984375
-2;31200;AMETHYSTS;9996;2;9995;29;;;10002;6;10004;2;10005;29;9999.0;425.0
-2;31300;STARFRUIT;4992;24;;;;;4999;24;;;;;4995.5;137.8359375
-2;31300;AMETHYSTS;9996;1;9995;23;;;10004;1;10005;23;;;10000.0;425.0
-2;31400;AMETHYSTS;9995;26;;;;;9998;1;10005;26;;;9996.5;425.0
-2;31400;STARFRUIT;4992;26;;;;;4999;26;;;;;4995.5;169.056640625
-2;31500;STARFRUIT;4993;5;4992;30;;;4999;30;;;;;4996.0;170.04296875
-2;31500;AMETHYSTS;9995;30;;;;;10005;30;;;;;10000.0;427.0
-2;31600;STARFRUIT;4997;1;4992;27;;;4998;27;;;;;4997.5;173.015625
-2;31600;AMETHYSTS;9995;27;;;;;10005;27;;;;;10000.0;427.0
-2;31700;STARFRUIT;4991;24;;;;;4996;3;4998;24;;;4993.5;178.59765625
-2;31700;AMETHYSTS;9996;2;9995;22;;;10004;2;10005;22;;;10000.0;427.0
-2;31800;AMETHYSTS;10000;6;9996;1;9995;25;10004;1;10005;25;;;10002.0;427.0
-2;31800;STARFRUIT;4993;6;4991;1;4990;25;4997;26;;;;;4995.0;183.4453125
-2;31900;STARFRUIT;4991;4;4990;28;;;4997;28;;;;;4994.0;182.16796875
-2;31900;AMETHYSTS;9998;3;9995;28;;;10005;28;;;;;10001.5;427.0
-2;32000;STARFRUIT;4992;3;4991;24;;;4998;25;;;;;4995.0;175.99609375
-2;32000;AMETHYSTS;9996;1;9995;24;;;10004;1;10005;24;;;10000.0;431.0
-2;32100;STARFRUIT;4991;29;;;;;4997;1;4998;28;;;4994.0;180.73046875
-2;32100;AMETHYSTS;9996;1;9995;28;;;10004;1;10005;28;;;10000.0;431.0
-2;32200;STARFRUIT;4991;28;;;;;4997;1;4998;27;;;4994.0;180.3515625
-2;32200;AMETHYSTS;9996;1;9995;27;;;10004;1;10005;27;;;10000.0;431.0
-2;32300;STARFRUIT;4991;25;;;;;4998;25;;;;;4994.5;175.6328125
-2;32300;AMETHYSTS;9995;25;;;;;10005;25;;;;;10000.0;431.0
-2;32400;STARFRUIT;4991;30;;;;;4997;1;4998;30;;;4994.0;181.90625
-2;32400;AMETHYSTS;9996;1;9995;30;;;10004;1;10005;30;;;10000.0;431.0
-2;32500;AMETHYSTS;9998;1;9996;1;9995;21;10004;1;10005;21;;;10001.0;431.0
-2;32500;STARFRUIT;4991;21;;;;;4996;5;4997;1;4998;21;4993.5;180.453125
-2;32600;STARFRUIT;4990;30;;;;;4997;30;;;;;4993.5;188.3203125
-2;32600;AMETHYSTS;10002;1;9995;30;;;10005;30;;;;;10003.5;431.0
-2;32700;STARFRUIT;4991;24;;;;;4997;2;4998;22;;;4994.0;179.6171875
-2;32700;AMETHYSTS;9996;2;9995;22;;;10004;2;10005;22;;;10000.0;437.0
-2;32800;STARFRUIT;4991;2;4990;28;;;4997;30;;;;;4994.0;184.125
-2;32800;AMETHYSTS;9996;2;9995;28;;;10004;2;10005;28;;;10000.0;437.0
-2;32900;AMETHYSTS;9996;2;9995;27;;;10004;2;10005;27;;;10000.0;455.0
-2;32900;STARFRUIT;4991;2;4990;27;;;4997;29;;;;;4994.0;183.375
-2;33000;STARFRUIT;4996;1;4991;30;;;4997;2;4998;28;;;4996.5;178.21875
-2;33000;AMETHYSTS;9996;2;9995;28;;;10004;2;10005;28;;;10000.0;455.0
-2;33100;STARFRUIT;4991;28;;;;;4996;3;4997;1;4998;28;4993.5;181.484375
-2;33100;AMETHYSTS;9996;1;9995;28;;;10004;1;10005;28;;;10000.0;455.0
-2;33200;STARFRUIT;4990;20;;;;;4991;10;4997;21;;;4990.5;195.046875
-2;33200;AMETHYSTS;9996;1;9995;20;;;10002;7;10004;1;10005;20;9999.0;455.0
-2;33300;AMETHYSTS;9996;1;9995;20;;;10004;1;10005;20;;;10000.0;455.0
-2;33300;STARFRUIT;4990;21;;;;;4996;1;4997;20;;;4993.0;220.0859375
-2;33400;STARFRUIT;4990;32;;;;;4997;32;;;;;4993.5;217.359375
-2;33400;AMETHYSTS;9996;2;9995;30;;;10002;3;10004;2;10005;30;9999.0;455.0
-2;33500;STARFRUIT;4990;21;;;;;4997;21;;;;;4993.5;217.671875
-2;33500;AMETHYSTS;9996;1;9995;20;;;10004;1;10005;20;;;10000.0;455.0
-2;33600;STARFRUIT;4990;27;;;;;4997;27;;;;;4993.5;216.39453125
-2;33600;AMETHYSTS;10002;6;9995;27;;;10005;27;;;;;10003.5;457.0
-2;33700;AMETHYSTS;9996;1;9995;27;;;10002;1;10004;1;10005;27;9999.0;469.0
-2;33700;STARFRUIT;4991;4;4990;28;;;4996;1;4997;27;;;4993.5;220.61328125
-2;33800;STARFRUIT;4994;3;4991;5;4990;26;4996;1;4997;25;;;4995.0;219.8828125
-2;33800;AMETHYSTS;9996;1;9995;25;;;10004;1;10005;25;;;10000.0;469.0
-2;33900;STARFRUIT;4990;24;;;;;4997;24;;;;;4993.5;217.375
-2;33900;AMETHYSTS;9995;24;;;;;10005;24;;;;;10000.0;469.0
-2;34000;STARFRUIT;4990;29;;;;;4995;8;4997;30;;;4992.5;216.0
-2;34000;AMETHYSTS;10002;1;9995;30;;;10005;30;;;;;10003.5;469.0
-2;34100;AMETHYSTS;9996;1;9995;22;;;10004;1;10005;22;;;10000.0;471.0
-2;34100;STARFRUIT;4992;2;4991;23;;;4997;1;4998;22;;;4994.5;202.3515625
-2;34200;STARFRUIT;4991;23;;;;;4996;1;4998;23;;;4993.5;203.859375
-2;34200;AMETHYSTS;9995;23;;;;;10005;23;;;;;10000.0;477.0
-2;34300;AMETHYSTS;10002;1;9996;1;9995;22;10004;1;10005;22;;;10003.0;477.0
-2;34300;STARFRUIT;4990;23;;;;;4997;23;;;;;4993.5;211.328125
-2;34400;AMETHYSTS;9996;2;9995;23;;;10004;2;10005;23;;;10000.0;479.0
-2;34400;STARFRUIT;4991;3;4990;25;;;4996;25;;;;;4993.5;222.9296875
-2;34500;AMETHYSTS;9995;30;;;;;10005;30;;;;;10000.0;479.0
-2;34500;STARFRUIT;4990;30;;;;;4991;5;4995;1;4997;30;4990.5;214.6953125
-2;34600;STARFRUIT;4990;28;;;;;4997;29;;;;;4993.5;215.1328125
-2;34600;AMETHYSTS;9995;29;;;;;10005;29;;;;;10000.0;479.0
-2;34700;AMETHYSTS;9998;6;9995;24;;;10005;24;;;;;10001.5;479.0
-2;34700;STARFRUIT;4990;24;;;;;4997;24;;;;;4993.5;207.8984375
-2;34800;AMETHYSTS;9996;2;9995;23;;;10004;2;10005;23;;;10000.0;479.0
-2;34800;STARFRUIT;4991;25;;;;;4997;2;4998;23;;;4994.0;204.6328125
-2;34900;AMETHYSTS;9996;1;9995;20;;;10004;1;10005;20;;;10000.0;479.0
-2;34900;STARFRUIT;4991;21;;;;;4998;21;;;;;4994.5;193.015625
-2;35000;STARFRUIT;4997;1;4992;20;;;4999;20;;;;;4998.0;183.953125
-2;35000;AMETHYSTS;10002;1;9995;20;;;10005;20;;;;;10003.5;479.0
-2;35100;AMETHYSTS;10002;3;9996;2;9995;29;10004;2;10005;29;;;10003.0;481.0
-2;35100;STARFRUIT;4992;31;;;;;4998;2;4999;29;;;4995.0;186.671875
-2;35200;AMETHYSTS;9996;2;9995;28;;;10002;10;10004;2;10005;28;9999.0;487.0
-2;35200;STARFRUIT;4993;3;4992;30;;;4998;2;4999;28;;;4995.5;184.59375
-2;35300;AMETHYSTS;9998;6;9996;1;9995;27;10004;1;10005;27;;;10001.0;487.0
-2;35300;STARFRUIT;4992;28;;;;;4993;8;4999;28;;;4992.5;176.40625
-2;35400;STARFRUIT;4997;1;4993;2;4992;25;4999;25;;;;;4998.0;185.765625
-2;35400;AMETHYSTS;10002;3;9995;25;;;10005;25;;;;;10003.5;487.0
-2;35500;AMETHYSTS;9996;2;9995;26;;;10004;2;10005;26;;;10000.0;493.0
-2;35500;STARFRUIT;4992;28;;;;;4999;28;;;;;4995.5;174.8125
-2;35600;AMETHYSTS;9995;26;;;;;10005;26;;;;;10000.0;493.0
-2;35600;STARFRUIT;4993;26;;;;;5000;26;;;;;4996.5;165.6640625
-2;35700;AMETHYSTS;9996;2;9995;27;;;10004;2;10005;27;;;10000.0;493.0
-2;35700;STARFRUIT;4993;29;;;;;5000;29;;;;;4996.5;158.2421875
-2;35800;STARFRUIT;4993;31;;;;;4994;2;5000;31;;;4993.5;159.7734375
-2;35800;AMETHYSTS;9998;7;9996;1;9995;30;10004;1;10005;30;;;10001.0;493.0
-2;35900;AMETHYSTS;9996;2;9995;21;;;10004;2;10005;21;;;10000.0;493.0
-2;35900;STARFRUIT;4993;23;;;;;5000;23;;;;;4996.5;157.5078125
-2;36000;AMETHYSTS;9995;30;;;;;10002;5;10005;30;;;9998.5;493.0
-2;36000;STARFRUIT;4993;30;;;;;4998;3;5000;30;;;4995.5;165.96875
-2;36100;AMETHYSTS;10002;8;9996;2;9995;24;10004;2;10005;24;;;10003.0;493.0
-2;36100;STARFRUIT;4993;26;;;;;4999;2;5000;24;;;4996.0;165.5390625
-2;36200;STARFRUIT;4993;1;4992;29;;;4999;30;;;;;4996.0;170.0
-2;36200;AMETHYSTS;9996;1;9995;29;;;9998;1;10004;1;10005;29;9997.0;509.0
-2;36300;AMETHYSTS;9996;1;9995;21;;;10004;1;10005;21;;;10000.0;511.0
-2;36300;STARFRUIT;4993;1;4992;21;;;4997;6;4999;22;;;4995.0;169.3671875
-2;36400;AMETHYSTS;9998;1;9996;1;9995;20;10004;1;10005;20;;;10001.0;511.0
-2;36400;STARFRUIT;4998;1;4993;3;4992;21;4999;21;;;;;4998.5;173.125
-2;36500;AMETHYSTS;9995;25;;;;;10005;25;;;;;10000.0;511.0
-2;36500;STARFRUIT;4992;25;;;;;4994;2;4999;25;;;4993.0;170.984375
-2;36600;STARFRUIT;4993;29;;;;;5000;29;;;;;4996.5;162.078125
-2;36600;AMETHYSTS;9996;1;9995;28;;;10004;1;10005;28;;;10000.0;511.0
-2;36700;STARFRUIT;4992;21;;;;;4999;21;;;;;4995.5;172.0078125
-2;36700;AMETHYSTS;9995;21;;;;;10005;21;;;;;10000.0;511.0
-2;36800;AMETHYSTS;9995;30;;;;;10005;30;;;;;10000.0;511.0
-2;36800;STARFRUIT;4993;30;;;;;5000;30;;;;;4996.5;165.0234375
-2;36900;STARFRUIT;4992;27;;;;;4999;27;;;;;4995.5;180.09375
-2;36900;AMETHYSTS;9996;1;9995;26;;;10004;1;10005;26;;;10000.0;511.0
-2;37000;STARFRUIT;4991;25;;;;;4998;25;;;;;4994.5;196.453125
-2;37000;AMETHYSTS;9996;2;9995;23;;;10004;2;10005;23;;;10000.0;511.0
-2;37100;STARFRUIT;4992;4;4991;23;;;4998;23;;;;;4995.0;197.375
-2;37100;AMETHYSTS;9996;2;9995;21;;;10004;2;10005;21;;;10000.0;511.0
-2;37200;AMETHYSTS;9996;1;9995;20;;;10004;1;10005;20;;;10000.0;511.0
-2;37200;STARFRUIT;4992;4;4991;21;;;4998;21;;;;;4995.0;197.34375
-2;37300;STARFRUIT;4992;4;4991;28;;;4998;28;;;;;4995.0;194.0078125
-2;37300;AMETHYSTS;9996;1;9995;27;;;9998;10;10002;4;10004;1;9997.0;511.0
-2;37400;STARFRUIT;4990;30;;;;;4997;30;;;;;4993.5;206.484375
-2;37400;AMETHYSTS;10002;1;9998;2;9995;30;10005;30;;;;;10003.5;531.0
-2;37500;STARFRUIT;4991;2;4990;25;;;4997;27;;;;;4994.0;206.9453125
-2;37500;AMETHYSTS;9996;2;9995;25;;;10004;2;10005;25;;;10000.0;533.0
-2;37600;AMETHYSTS;9995;22;;;;;10002;7;10005;22;;;9998.5;535.0
-2;37600;STARFRUIT;4991;22;;;;;4997;22;;;;;4994.0;206.0078125
-2;37700;STARFRUIT;4991;24;;;;;4998;24;;;;;4994.5;196.53125
-2;37700;AMETHYSTS;9996;1;9995;23;;;10004;1;10005;23;;;10000.0;535.0
-2;37800;STARFRUIT;4991;24;;;;;4998;25;;;;;4994.5;197.328125
-2;37800;AMETHYSTS;9995;25;;;;;10005;25;;;;;10000.0;535.0
-2;37900;STARFRUIT;4991;25;;;;;4998;25;;;;;4994.5;193.34375
-2;37900;AMETHYSTS;9995;25;;;;;10005;25;;;;;10000.0;535.0
-2;38000;AMETHYSTS;10002;1;9996;2;9995;30;10004;2;10005;30;;;10003.0;535.0
-2;38000;STARFRUIT;4991;32;;;;;4996;4;4998;32;;;4993.5;200.75
-2;38100;STARFRUIT;4991;28;;;;;4997;2;4998;26;;;4994.0;202.1875
-2;38100;AMETHYSTS;9996;2;9995;26;;;10002;2;10004;2;10005;26;9999.0;537.0
-2;38200;STARFRUIT;4991;28;;;;;4997;1;4998;27;;;4994.0;205.5625
-2;38200;AMETHYSTS;9996;1;9995;27;;;10004;1;10005;27;;;10000.0;537.0
-2;38300;STARFRUIT;4991;26;;;;;4998;26;;;;;4994.5;200.265625
-2;38300;AMETHYSTS;9998;5;9995;26;;;10005;26;;;;;10001.5;537.0
-2;38400;AMETHYSTS;9996;1;9995;23;;;10000;6;10004;1;10005;23;9998.0;537.0
-2;38400;STARFRUIT;4991;1;4990;23;;;4993;6;4997;24;;;4992.0;207.75
-2;38500;STARFRUIT;4990;21;;;;;4997;21;;;;;4993.5;214.078125
-2;38500;AMETHYSTS;10002;1;9995;21;;;10005;21;;;;;10003.5;537.0
-2;38600;STARFRUIT;4991;2;4990;28;;;4997;30;;;;;4994.0;209.7421875
-2;38600;AMETHYSTS;9996;2;9995;28;;;10004;2;10005;28;;;10000.0;539.0
-2;38700;STARFRUIT;4991;20;;;;;4998;20;;;;;4994.5;196.21875
-2;38700;AMETHYSTS;9995;20;;;;;10005;20;;;;;10000.0;541.0
-2;38800;AMETHYSTS;9996;1;9995;20;;;10002;1;10004;1;10005;20;9999.0;541.0
-2;38800;STARFRUIT;4991;21;;;;;4993;2;4996;1;4998;21;4992.0;193.34375
-2;38900;STARFRUIT;4992;2;4991;30;;;4996;7;4998;32;;;4994.0;191.0625
-2;38900;AMETHYSTS;9996;2;9995;30;;;10004;2;10005;30;;;10000.0;557.0
-2;39000;STARFRUIT;4991;23;;;;;4998;23;;;;;4994.5;193.6953125
-2;39000;AMETHYSTS;9995;23;;;;;10002;9;10005;23;;;9998.5;557.0
-2;39100;STARFRUIT;4992;25;;;;;4998;1;4999;24;;;4995.0;185.484375
-2;39100;AMETHYSTS;9998;8;9996;1;9995;24;10004;1;10005;24;;;10001.0;557.0
-2;39200;AMETHYSTS;9996;1;9995;29;;;10004;1;10005;29;;;10000.0;557.0
-2;39200;STARFRUIT;4992;30;;;;;4997;2;4999;30;;;4994.5;181.4140625
-2;39300;STARFRUIT;4992;27;;;;;4999;27;;;;;4995.5;168.328125
-2;39300;AMETHYSTS;9995;27;;;;;10005;27;;;;;10000.0;557.0
-2;39400;STARFRUIT;4993;31;;;;;4998;5;4999;1;5000;30;4995.5;165.8359375
-2;39400;AMETHYSTS;9996;1;9995;30;;;10004;1;10005;30;;;10000.0;557.0
-2;39500;STARFRUIT;4992;27;;;;;4997;3;4999;27;;;4994.5;173.03125
-2;39500;AMETHYSTS;9995;27;;;;;9998;1;10002;2;10005;27;9996.5;559.0
-2;39600;AMETHYSTS;9995;23;;;;;10005;23;;;;;10000.0;561.0
-2;39600;STARFRUIT;4997;4;4992;23;;;4999;23;;;;;4998.0;177.3515625
-2;39700;STARFRUIT;4993;4;4992;24;;;4998;2;4999;22;;;4995.5;184.8359375
-2;39700;AMETHYSTS;9996;2;9995;22;;;10004;2;10005;22;;;10000.0;561.0
-2;39800;STARFRUIT;4991;28;;;;;4998;28;;;;;4994.5;194.3125
-2;39800;AMETHYSTS;9996;1;9995;27;;;10004;1;10005;27;;;10000.0;561.0
-2;39900;STARFRUIT;4992;31;;;;;4998;1;4999;30;;;4995.0;184.765625
-2;39900;AMETHYSTS;9996;1;9995;30;;;10002;4;10004;1;10005;30;9999.0;561.0
-2;40000;AMETHYSTS;9995;22;;;;;10005;22;;;;;10000.0;561.0
-2;40000;STARFRUIT;4992;22;;;;;4999;22;;;;;4995.5;178.6796875
-2;40100;STARFRUIT;4992;2;4991;29;;;4998;31;;;;;4995.0;188.0546875
-2;40100;AMETHYSTS;9996;2;9995;29;;;10002;8;10004;2;10005;29;9999.0;561.0
-2;40200;STARFRUIT;4992;29;;;;;4999;29;;;;;4995.5;174.609375
-2;40200;AMETHYSTS;9996;1;9995;28;;;10004;1;10005;28;;;10000.0;561.0
-2;40300;STARFRUIT;4992;22;;;;;4999;22;;;;;4995.5;172.765625
-2;40300;AMETHYSTS;9995;22;;;;;9998;1;10005;22;;;9996.5;561.0
-2;40400;AMETHYSTS;9996;1;9995;23;;;10004;1;10005;23;;;10000.0;563.0
-2;40400;STARFRUIT;4992;24;;;;;4999;24;;;;;4995.5;180.0234375
-2;40500;STARFRUIT;4992;29;;;;;4993;1;4999;29;;;4992.5;177.1171875
-2;40500;AMETHYSTS;10002;1;9996;2;9995;27;10004;2;10005;27;;;10003.0;563.0
-2;40600;STARFRUIT;4993;4;4992;26;;;4999;26;;;;;4996.0;180.1484375
-2;40600;AMETHYSTS;9996;2;9995;24;;;10004;2;10005;24;;;10000.0;565.0
-2;40700;STARFRUIT;4992;22;;;;;4998;2;4999;20;;;4995.0;185.6953125
-2;40700;AMETHYSTS;9998;7;9996;2;9995;20;10004;2;10005;20;;;10001.0;565.0
-2;40800;AMETHYSTS;9995;27;;;;;10005;27;;;;;10000.0;565.0
-2;40800;STARFRUIT;4991;27;;;;;4998;27;;;;;4994.5;199.625
-2;40900;STARFRUIT;4991;28;;;;;4998;28;;;;;4994.5;199.3828125
-2;40900;AMETHYSTS;9998;10;9996;2;9995;26;10004;2;10005;26;;;10001.0;565.0
-2;41000;STARFRUIT;4991;21;;;;;4992;1;4996;3;4998;21;4991.5;198.84375
-2;41000;AMETHYSTS;9995;21;;;;;10002;10;10005;21;;;9998.5;587.0
-2;41100;AMETHYSTS;9995;27;;;;;10005;27;;;;;10000.0;587.0
-2;41100;STARFRUIT;4990;27;;;;;4991;1;4992;2;4997;27;4990.5;217.8125
-2;41200;STARFRUIT;4990;29;;;;;4997;29;;;;;4993.5;217.03125
-2;41200;AMETHYSTS;9995;29;;;;;10005;29;;;;;10000.0;587.0
-2;41300;STARFRUIT;4991;1;4990;24;;;4995;4;4997;25;;;4993.0;213.3515625
-2;41300;AMETHYSTS;9998;2;9996;1;9995;24;10004;1;10005;24;;;10001.0;587.0
-2;41400;STARFRUIT;4991;2;4990;23;;;4993;4;4995;5;4997;25;4992.0;216.171875
-2;41400;AMETHYSTS;9998;5;9996;2;9995;23;10000;4;10004;2;10005;23;9999.0;587.0
-2;41500;AMETHYSTS;9998;8;9996;2;9995;20;10004;2;10005;20;;;10001.0;587.0
-2;41500;STARFRUIT;4991;2;4990;20;;;4995;1;4997;22;;;4993.0;215.515625
-2;41600;STARFRUIT;4990;23;;;;;4995;7;4997;23;;;4992.5;217.1953125
-2;41600;AMETHYSTS;9996;1;9995;22;;;10004;1;10005;22;;;10000.0;587.0
-2;41700;STARFRUIT;4993;4;4990;21;;;4997;21;;;;;4995.0;222.203125
-2;41700;AMETHYSTS;10000;5;9995;21;;;10005;21;;;;;10002.5;587.0
-2;41800;STARFRUIT;4990;24;;;;;4996;2;4997;22;;;4993.0;224.3671875
-2;41800;AMETHYSTS;9996;2;9995;22;;;10004;2;10005;22;;;10000.0;587.0
-2;41900;AMETHYSTS;9996;1;9995;21;;;9998;4;10004;1;10005;21;9997.0;587.0
-2;41900;STARFRUIT;4991;1;4990;21;;;4995;1;4997;22;;;4993.0;216.3125
-2;42000;STARFRUIT;4990;31;;;;;4995;5;4996;2;4997;30;4992.5;224.984375
-2;42000;AMETHYSTS;9996;2;9995;30;;;10004;2;10005;30;;;10000.0;595.0
-2;42100;STARFRUIT;4990;23;;;;;4997;23;;;;;4993.5;225.28125
-2;42100;AMETHYSTS;9998;8;9996;2;9995;21;10004;2;10005;21;;;10001.0;595.0
-2;42200;STARFRUIT;4990;28;;;;;4997;28;;;;;4993.5;224.125
-2;42200;AMETHYSTS;10002;1;9995;28;;;10005;28;;;;;10003.5;595.0
-2;42300;AMETHYSTS;9995;20;;;;;10005;20;;;;;10000.0;597.0
-2;42300;STARFRUIT;4990;20;;;;;4991;7;4995;2;4997;20;4990.5;228.640625
-2;42400;STARFRUIT;4990;1;4989;29;;;4996;31;;;;;4993.0;244.8203125
-2;42400;AMETHYSTS;9996;2;9995;29;;;10004;2;10005;29;;;10000.0;597.0
-2;42500;STARFRUIT;4989;24;;;;;4996;24;;;;;4992.5;249.83984375
-2;42500;AMETHYSTS;9995;24;;;;;10002;3;10005;24;;;9998.5;597.0
-2;42600;STARFRUIT;4989;26;;;;;4996;26;;;;;4992.5;253.91015625
-2;42600;AMETHYSTS;9995;26;;;;;10005;26;;;;;10000.0;617.0
-2;42700;AMETHYSTS;9995;26;;;;;10005;26;;;;;10000.0;621.0
-2;42700;STARFRUIT;4989;26;;;;;4996;26;;;;;4992.5;257.900390625
-2;42800;STARFRUIT;4989;30;;;;;4996;30;;;;;4992.5;257.126953125
-2;42800;AMETHYSTS;9995;30;;;;;10005;30;;;;;10000.0;621.0
-2;42900;STARFRUIT;4988;25;;;;;4995;25;;;;;4991.5;259.2734375
-2;42900;AMETHYSTS;9995;25;;;;;10005;25;;;;;10000.0;621.0
-2;43000;STARFRUIT;4991;2;4990;23;;;4996;23;;;;;4993.5;253.98046875
-2;43000;AMETHYSTS;9995;23;;;;;10005;23;;;;;10000.0;625.0
-2;43100;AMETHYSTS;9995;21;;;;;10005;21;;;;;10000.0;625.0
-2;43100;STARFRUIT;4989;21;;;;;4996;21;;;;;4992.5;255.80078125
-2;43200;STARFRUIT;4990;1;4989;20;;;4996;21;;;;;4993.0;255.40234375
-2;43200;AMETHYSTS;9996;1;9995;20;;;10004;1;10005;20;;;10000.0;625.0
-2;43300;AMETHYSTS;9996;1;9995;24;;;10004;1;10005;24;;;10000.0;625.0
-2;43300;STARFRUIT;4989;25;;;;;4994;2;4996;25;;;4991.5;256.14453125
-2;43400;AMETHYSTS;9996;2;9995;22;;;10004;2;10005;22;;;10000.0;625.0
-2;43400;STARFRUIT;4994;4;4989;24;;;4996;24;;;;;4995.0;257.421875
-2;43500;AMETHYSTS;9998;7;9995;23;;;10005;23;;;;;10001.5;625.0
-2;43500;STARFRUIT;4990;22;;;;;4995;7;4997;23;;;4992.5;256.0234375
-2;43600;STARFRUIT;4990;5;4989;21;;;4996;23;;;;;4993.0;258.12109375
-2;43600;AMETHYSTS;9996;2;9995;21;;;10002;9;10004;2;10005;21;9999.0;625.0
-2;43700;AMETHYSTS;9996;1;9995;23;;;10004;1;10005;23;;;10000.0;625.0
-2;43700;STARFRUIT;4990;24;;;;;4997;24;;;;;4993.5;252.296875
-2;43800;AMETHYSTS;9996;2;9995;26;;;10004;2;10005;26;;;10000.0;625.0
-2;43800;STARFRUIT;4991;9;4990;26;;;4997;28;;;;;4994.0;247.3046875
-2;43900;AMETHYSTS;10002;4;9998;2;9996;1;10004;1;10005;29;;;10003.0;625.0
-2;43900;STARFRUIT;4991;6;4990;30;;;4997;30;;;;;4994.0;251.890625
-2;44000;STARFRUIT;4991;2;4990;20;;;4995;3;4997;22;;;4993.0;244.734375
-2;44000;AMETHYSTS;9996;2;9995;20;;;10004;2;10005;20;;;10000.0;633.0
-2;44100;AMETHYSTS;9995;24;;;;;9998;1;10002;2;10005;24;9996.5;633.0
-2;44100;STARFRUIT;4990;24;;;;;4997;24;;;;;4993.5;248.375
-2;44200;AMETHYSTS;9995;21;;;;;10005;21;;;;;10000.0;635.0
-2;44200;STARFRUIT;4991;21;;;;;4998;21;;;;;4994.5;233.140625
-2;44300;AMETHYSTS;9995;27;;;;;10005;27;;;;;10000.0;635.0
-2;44300;STARFRUIT;4991;27;;;;;4998;27;;;;;4994.5;232.203125
-2;44400;STARFRUIT;4991;28;;;;;4998;28;;;;;4994.5;237.03125
-2;44400;AMETHYSTS;9998;7;9995;28;;;10005;28;;;;;10001.5;635.0
-2;44500;AMETHYSTS;9995;21;;;;;10005;21;;;;;10000.0;635.0
-2;44500;STARFRUIT;4995;1;4991;2;4990;21;4997;21;;;;;4996.0;250.5546875
-2;44600;AMETHYSTS;9996;1;9995;23;;;10004;1;10005;23;;;10000.0;635.0
-2;44600;STARFRUIT;4990;1;4989;23;;;4996;24;;;;;4993.0;259.828125
-2;44700;AMETHYSTS;9995;29;;;;;10002;10;10005;29;;;9998.5;635.0
-2;44700;STARFRUIT;4989;29;;;;;4996;29;;;;;4992.5;264.0
-2;44800;STARFRUIT;4989;29;;;;;4996;29;;;;;4992.5;271.1640625
-2;44800;AMETHYSTS;9995;29;;;;;9998;1;10002;10;10005;29;9996.5;635.0
-2;44900;AMETHYSTS;9996;1;9995;25;;;10004;1;10005;25;;;10000.0;637.0
-2;44900;STARFRUIT;4989;2;4988;25;;;4995;26;;;;;4992.0;262.8828125
-2;45000;AMETHYSTS;10002;1;9996;2;9995;24;10004;2;10005;24;;;10003.0;637.0
-2;45000;STARFRUIT;4988;26;;;;;4995;26;;;;;4991.5;263.994140625
-2;45100;AMETHYSTS;9996;1;9995;26;;;10004;1;10005;26;;;10000.0;639.0
-2;45100;STARFRUIT;4988;27;;;;;4993;5;4995;27;;;4990.5;259.09375
-2;45200;STARFRUIT;4989;1;4988;28;;;4993;6;4995;29;;;4991.0;261.97265625
-2;45200;AMETHYSTS;9996;1;9995;28;;;10004;1;10005;28;;;10000.0;639.0
-2;45300;AMETHYSTS;9995;22;;;;;10005;22;;;;;10000.0;639.0
-2;45300;STARFRUIT;4989;4;4988;22;;;4995;22;;;;;4992.0;258.580078125
-2;45400;AMETHYSTS;9996;2;9995;21;;;9998;1;10004;2;10005;21;9997.0;639.0
-2;45400;STARFRUIT;4988;22;;;;;4993;2;4994;2;4995;21;4990.5;257.48046875
-2;45500;STARFRUIT;4987;25;;;;;4990;3;4994;25;;;4988.5;255.578125
-2;45500;AMETHYSTS;9996;1;9995;24;;;10000;3;10004;1;10005;24;9998.0;641.0
-2;45600;STARFRUIT;4988;7;4987;26;;;4994;26;;;;;4991.0;252.8984375
-2;45600;AMETHYSTS;9995;26;;;;;10002;5;10005;26;;;9998.5;641.0
-2;45700;STARFRUIT;4986;24;;;;;4993;24;;;;;4989.5;248.8671875
-2;45700;AMETHYSTS;9995;24;;;;;10005;24;;;;;10000.0;641.0
-2;45800;AMETHYSTS;9996;1;9995;27;;;10004;1;10005;27;;;10000.0;641.0
-2;45800;STARFRUIT;4986;27;;;;;4992;1;4993;27;;;4989.0;245.98046875
-2;45900;STARFRUIT;4987;4;4986;31;;;4993;31;;;;;4990.0;248.25390625
-2;45900;AMETHYSTS;9996;1;9995;30;;;10004;1;10005;30;;;10000.0;641.0
-2;46000;STARFRUIT;4986;26;;;;;4993;26;;;;;4989.5;252.72265625
-2;46000;AMETHYSTS;9996;2;9995;24;;;10004;2;10005;24;;;10000.0;645.0
-2;46100;STARFRUIT;4986;25;;;;;4992;2;4993;23;;;4989.0;251.435546875
-2;46100;AMETHYSTS;9998;6;9996;2;9995;23;10004;2;10005;23;;;10001.0;645.0
-2;46200;AMETHYSTS;9998;2;9996;1;9995;27;10004;1;10005;27;;;10001.0;645.0
-2;46200;STARFRUIT;4986;28;;;;;4993;28;;;;;4989.5;252.888671875
-2;46300;STARFRUIT;4986;29;;;;;4993;29;;;;;4989.5;253.5546875
-2;46300;AMETHYSTS;9996;2;9995;27;;;10004;2;10005;27;;;10000.0;645.0
-2;46400;STARFRUIT;4986;22;;;;;4993;22;;;;;4989.5;253.015625
-2;46400;AMETHYSTS;9995;22;;;;;10005;22;;;;;10000.0;645.0
-2;46500;STARFRUIT;4989;6;4986;31;;;4993;31;;;;;4991.0;253.9296875
-2;46500;AMETHYSTS;10000;6;9996;1;9995;30;10004;1;10005;30;;;10002.0;645.0
-2;46600;AMETHYSTS;9998;10;9996;1;9995;27;10004;1;10005;27;;;10001.0;645.0
-2;46600;STARFRUIT;4987;3;4986;28;;;4993;28;;;;;4990.0;250.0
-2;46700;STARFRUIT;4986;26;;;;;4993;26;;;;;4989.5;246.560546875
-2;46700;AMETHYSTS;9995;26;;;;;10005;26;;;;;10000.0;647.0
-2;46800;STARFRUIT;4987;1;4986;21;;;4993;22;;;;;4990.0;241.6640625
-2;46800;AMETHYSTS;9996;1;9995;21;;;10004;1;10005;21;;;10000.0;647.0
-2;46900;STARFRUIT;4992;1;4986;32;;;4993;32;;;;;4992.5;243.47265625
-2;46900;AMETHYSTS;9996;2;9995;30;;;10004;2;10005;30;;;10000.0;647.0
-2;47000;AMETHYSTS;9996;1;9995;20;;;10004;1;10005;20;;;10000.0;647.0
-2;47000;STARFRUIT;4986;21;;;;;4992;1;4993;20;;;4989.0;251.7109375
-2;47100;STARFRUIT;4986;26;;;;;4988;4;4993;26;;;4987.0;244.46875
-2;47100;AMETHYSTS;9996;2;9995;24;;;9998;1;10004;2;10005;24;9997.0;647.0
-2;47200;STARFRUIT;4987;2;4986;28;;;4993;30;;;;;4990.0;244.03125
-2;47200;AMETHYSTS;10002;1;9996;2;9995;28;10004;2;10005;28;;;10003.0;649.0
-2;47300;STARFRUIT;4987;25;;;;;4992;1;4994;25;;;4989.5;229.4765625
-2;47300;AMETHYSTS;10002;1;9998;3;9995;25;10005;25;;;;;10003.5;651.0
-2;47400;AMETHYSTS;9995;24;;;;;10002;9;10005;24;;;9998.5;653.0
-2;47400;STARFRUIT;4988;1;4987;24;;;4994;24;;;;;4991.0;232.6015625
-2;47500;STARFRUIT;4988;30;;;;;4993;6;4995;30;;;4990.5;228.54296875
-2;47500;AMETHYSTS;9995;30;;;;;10002;1;10005;30;;;9998.5;653.0
-2;47600;STARFRUIT;4988;1;4987;27;;;4994;28;;;;;4991.0;230.625
-2;47600;AMETHYSTS;9996;1;9995;27;;;10004;1;10005;27;;;10000.0;653.0
-2;47700;STARFRUIT;4988;1;4987;22;;;4994;23;;;;;4991.0;229.4296875
-2;47700;AMETHYSTS;9996;1;9995;22;;;10002;8;10004;1;10005;22;9999.0;653.0
-2;47800;AMETHYSTS;9996;1;9995;22;;;10002;8;10004;1;10005;22;9999.0;653.0
-2;47800;STARFRUIT;4988;23;;;;;4995;23;;;;;4991.5;225.453125
-2;47900;STARFRUIT;4987;27;;;;;4994;27;;;;;4990.5;229.28125
-2;47900;AMETHYSTS;10002;1;9995;27;;;10005;27;;;;;10003.5;653.0
-2;48000;STARFRUIT;4987;27;;;;;4994;27;;;;;4990.5;229.765625
-2;48000;AMETHYSTS;9995;27;;;;;10005;27;;;;;10000.0;655.0
-2;48100;STARFRUIT;4989;1;4988;21;;;4994;21;;;;;4991.5;229.01171875
-2;48100;AMETHYSTS;9995;21;;;;;10002;9;10005;21;;;9998.5;655.0
-2;48200;AMETHYSTS;9998;5;9995;25;;;10005;25;;;;;10001.5;657.0
-2;48200;STARFRUIT;4988;25;;;;;4995;25;;;;;4991.5;228.4765625
-2;48300;STARFRUIT;4988;29;;;;;4991;5;4995;29;;;4989.5;225.640625
-2;48300;AMETHYSTS;9996;1;9995;28;;;9998;1;10000;5;10004;1;9997.0;657.0
-2;48400;STARFRUIT;4989;1;4988;27;;;4995;27;;;;;4992.0;220.7578125
-2;48400;AMETHYSTS;9995;27;;;;;10002;7;10005;27;;;9998.5;659.0
-2;48500;STARFRUIT;4990;1;4989;29;;;4996;29;;;;;4993.0;216.7890625
-2;48500;AMETHYSTS;9995;29;;;;;9998;1;10005;29;;;9996.5;659.0
-2;48600;AMETHYSTS;9996;1;9995;28;;;10004;1;10005;28;;;10000.0;661.0
-2;48600;STARFRUIT;4990;1;4989;29;;;4995;1;4996;28;;;4992.5;215.5390625
-2;48700;STARFRUIT;4989;1;4988;22;;;4995;23;;;;;4992.0;217.25
-2;48700;AMETHYSTS;9996;1;9995;22;;;10004;1;10005;22;;;10000.0;663.0
-2;48800;STARFRUIT;4989;5;4988;24;;;4995;24;;;;;4992.0;223.5390625
-2;48800;AMETHYSTS;9996;1;9995;23;;;10004;1;10005;23;;;10000.0;663.0
-2;48900;STARFRUIT;4989;7;4988;27;;;4995;27;;;;;4992.0;227.6484375
-2;48900;AMETHYSTS;9995;27;;;;;10005;27;;;;;10000.0;663.0
-2;49000;AMETHYSTS;9996;2;9995;30;;;10004;2;10005;30;;;10000.0;663.0
-2;49000;STARFRUIT;4989;7;4988;32;;;4994;2;4995;30;;;4991.5;230.6015625
-2;49100;STARFRUIT;4989;8;4988;32;;;4995;32;;;;;4992.0;226.515625
-2;49100;AMETHYSTS;9996;2;9995;30;;;10004;2;10005;30;;;10000.0;663.0
-2;49200;STARFRUIT;4988;21;;;;;4994;1;4995;20;;;4991.0;228.546875
-2;49200;AMETHYSTS;9996;1;9995;20;;;10004;1;10005;20;;;10000.0;663.0
-2;49300;STARFRUIT;4987;22;;;;;4988;1;4994;22;;;4987.5;235.8046875
-2;49300;AMETHYSTS;9998;9;9996;1;9995;21;10004;1;10005;21;;;10001.0;663.0
-2;49400;AMETHYSTS;9995;20;;;;;10005;20;;;;;10000.0;663.0
-2;49400;STARFRUIT;4992;14;4987;20;;;4994;20;;;;;4993.0;231.5859375
-2;49500;STARFRUIT;4988;8;4987;32;;;4994;32;;;;;4991.0;238.4375
-2;49500;AMETHYSTS;9996;2;9995;30;;;10004;2;10005;30;;;10000.0;663.0
-2;49600;STARFRUIT;4992;1;4987;24;;;4994;24;;;;;4993.0;245.65625
-2;49600;AMETHYSTS;9995;24;;;;;10005;24;;;;;10000.0;663.0
-2;49700;STARFRUIT;4987;28;;;;;4993;2;4994;26;;;4990.0;247.3828125
-2;49700;AMETHYSTS;9998;7;9996;2;9995;26;10004;2;10005;26;;;10001.0;663.0
-2;49800;AMETHYSTS;9996;2;9995;23;;;10004;2;10005;23;;;10000.0;663.0
-2;49800;STARFRUIT;4987;25;;;;;4988;5;4994;25;;;4987.5;243.8203125
-2;49900;STARFRUIT;4986;23;;;;;4993;23;;;;;4989.5;269.15625
-2;49900;AMETHYSTS;9998;3;9995;23;;;10005;23;;;;;10001.5;663.0
-2;50000;STARFRUIT;4986;1;4985;20;;;4992;21;;;;;4989.0;279.4609375
-2;50000;AMETHYSTS;9996;1;9995;20;;;10004;1;10005;20;;;10000.0;667.0
-2;50100;AMETHYSTS;9995;24;;;;;10005;24;;;;;10000.0;667.0
-2;50100;STARFRUIT;4986;24;;;;;4991;2;4993;24;;;4988.5;278.359375
-2;50200;STARFRUIT;4985;24;;;;;4992;24;;;;;4988.5;280.6875
-2;50200;AMETHYSTS;9995;24;;;;;10005;24;;;;;10000.0;667.0
-2;50300;STARFRUIT;4985;30;;;;;4992;30;;;;;4988.5;286.203125
-2;50300;AMETHYSTS;9995;30;;;;;10002;10;10005;30;;;9998.5;667.0
-2;50400;STARFRUIT;4985;23;;;;;4988;2;4990;1;4992;23;4986.5;289.65625
-2;50400;AMETHYSTS;9998;4;9996;1;9995;22;10000;2;10004;1;10005;22;9999.0;667.0
-2;50500;AMETHYSTS;9996;2;9995;23;;;10004;2;10005;23;;;10000.0;667.0
-2;50500;STARFRUIT;4986;2;4985;23;;;4992;25;;;;;4989.0;282.625
-2;50600;STARFRUIT;4985;23;;;;;4986;8;4992;23;;;4985.5;285.1796875
-2;50600;AMETHYSTS;10002;1;9996;2;9995;21;10004;2;10005;21;;;10003.0;667.0
-2;50700;STARFRUIT;4986;2;4985;22;;;4992;24;;;;;4989.0;306.078125
-2;50700;AMETHYSTS;9996;2;9995;22;;;10004;2;10005;22;;;10000.0;671.0
-2;50800;STARFRUIT;4991;1;4986;24;;;4993;24;;;;;4992.0;304.5078125
-2;50800;AMETHYSTS;10002;5;9996;2;9995;22;10004;2;10005;22;;;10003.0;671.0
-2;50900;AMETHYSTS;9996;1;9995;27;;;10004;1;10005;27;;;10000.0;681.0
-2;50900;STARFRUIT;4986;28;;;;;4991;4;4992;1;4993;27;4988.5;307.2890625
-2;51000;STARFRUIT;4986;28;;;;;4993;28;;;;;4989.5;306.236328125
-2;51000;AMETHYSTS;9996;2;9995;26;;;10004;2;10005;26;;;10000.0;681.0
-2;51100;STARFRUIT;4986;26;;;;;4992;1;4993;25;;;4989.0;307.314453125
-2;51100;AMETHYSTS;9998;6;9996;1;9995;25;10004;1;10005;25;;;10001.0;681.0
-2;51200;STARFRUIT;4986;2;4985;28;;;4992;30;;;;;4989.0;308.77734375
-2;51200;AMETHYSTS;9996;2;9995;28;;;10004;2;10005;28;;;10000.0;681.0
-2;51300;AMETHYSTS;9996;1;9995;24;;;10004;1;10005;24;;;10000.0;681.0
-2;51300;STARFRUIT;4985;25;;;;;4992;25;;;;;4988.5;311.46484375
-2;51400;STARFRUIT;4985;30;;;;;4992;30;;;;;4988.5;328.76953125
-2;51400;AMETHYSTS;9995;30;;;;;10002;3;10005;30;;;9998.5;681.0
-2;51500;STARFRUIT;4991;1;4985;30;;;4992;30;;;;;4991.5;328.6103515625
-2;51500;AMETHYSTS;9995;30;;;;;10005;30;;;;;10000.0;681.0
-2;51600;STARFRUIT;4988;5;4985;24;;;4992;24;;;;;4990.0;331.0
-2;51600;AMETHYSTS;10000;5;9996;2;9995;22;10002;1;10004;2;10005;22;10001.0;681.0
-2;51700;AMETHYSTS;9995;20;;;;;10005;20;;;;;10000.0;681.0
-2;51700;STARFRUIT;4984;20;;;;;4986;4;4991;20;;;4985.0;333.1171875
-2;51800;STARFRUIT;4985;25;;;;;4992;25;;;;;4988.5;331.681640625
-2;51800;AMETHYSTS;9996;1;9995;24;;;10004;1;10005;24;;;10000.0;692.0
-2;51900;STARFRUIT;4990;4;4986;1;4985;23;4992;24;;;;;4991.0;331.0927734375
-2;51900;AMETHYSTS;9996;1;9995;23;;;10004;1;10005;23;;;10000.0;692.0
-2;52000;STARFRUIT;4985;29;;;;;4990;6;4992;29;;;4987.5;335.6015625
-2;52000;AMETHYSTS;9998;3;9995;29;;;10005;29;;;;;10001.5;702.0
-2;52100;AMETHYSTS;9995;21;;;;;10005;21;;;;;10000.0;702.0
-2;52100;STARFRUIT;4985;21;;;;;4992;21;;;;;4988.5;337.26171875
-2;52200;STARFRUIT;4985;31;;;;;4991;2;4992;29;;;4988.0;340.9140625
-2;52200;AMETHYSTS;9996;2;9995;29;;;10004;2;10005;29;;;10000.0;718.0
-2;52300;AMETHYSTS;10002;1;9996;1;9995;27;10004;1;10005;27;;;10003.0;718.0
-2;52300;STARFRUIT;4990;1;4985;28;;;4991;1;4992;27;;;4990.5;340.22265625
-2;52400;AMETHYSTS;9998;3;9996;1;9995;29;10004;1;10005;29;;;10001.0;720.0
-2;52400;STARFRUIT;4985;30;;;;;4991;1;4992;29;;;4988.0;340.32421875
-2;52500;AMETHYSTS;9996;1;9995;27;;;9998;1;10004;1;10005;27;9997.0;720.0
-2;52500;STARFRUIT;4990;1;4984;28;;;4991;28;;;;;4990.5;347.4453125
-2;52600;STARFRUIT;4985;23;;;;;4988;4;4991;1;4992;22;4986.5;342.84375
-2;52600;AMETHYSTS;9998;1;9996;1;9995;22;10000;4;10004;1;10005;22;9999.0;722.0
-2;52700;AMETHYSTS;9996;2;9995;25;;;10004;2;10005;25;;;10000.0;722.0
-2;52700;STARFRUIT;4985;26;;;;;4992;27;;;;;4988.5;337.328125
-2;52800;AMETHYSTS;9995;26;;;;;10005;26;;;;;10000.0;722.0
-2;52800;STARFRUIT;4985;26;;;;;4992;26;;;;;4988.5;343.84375
-2;52900;AMETHYSTS;9995;30;;;;;10005;30;;;;;10000.0;722.0
-2;52900;STARFRUIT;4984;30;;;;;4991;30;;;;;4987.5;347.6171875
-2;53000;STARFRUIT;4984;21;;;;;4991;21;;;;;4987.5;350.5234375
-2;53000;AMETHYSTS;10002;1;9996;1;9995;20;10004;1;10005;20;;;10003.0;734.0
-2;53100;AMETHYSTS;9995;24;;;;;10005;24;;;;;10000.0;736.0
-2;53100;STARFRUIT;4984;24;;;;;4991;24;;;;;4987.5;349.453125
-2;53200;AMETHYSTS;9996;1;9995;30;;;10004;1;10005;30;;;10000.0;736.0
-2;53200;STARFRUIT;4990;1;4984;31;;;4991;31;;;;;4990.5;350.4453125
-2;53300;AMETHYSTS;9995;29;;;;;10005;29;;;;;10000.0;736.0
-2;53300;STARFRUIT;4984;29;;;;;4991;29;;;;;4987.5;364.5
-2;53400;STARFRUIT;4984;25;;;;;4991;25;;;;;4987.5;353.96875
-2;53400;AMETHYSTS;9998;6;9996;2;9995;23;10004;2;10005;23;;;10001.0;736.0
-2;53500;AMETHYSTS;9996;2;9995;21;;;10002;1;10004;2;10005;21;9999.0;736.0
-2;53500;STARFRUIT;4984;23;;;;;4991;23;;;;;4987.5;351.71875
-2;53600;AMETHYSTS;9995;24;;;;;9998;9;10005;24;;;9996.5;736.0
-2;53600;STARFRUIT;4985;24;;;;;4992;24;;;;;4988.5;342.71875
-2;53700;AMETHYSTS;9998;1;9995;30;;;10005;30;;;;;10001.5;754.0
-2;53700;STARFRUIT;4985;30;;;;;4992;30;;;;;4988.5;333.7578125
-2;53800;STARFRUIT;4985;30;;;;;4992;30;;;;;4988.5;335.2578125
-2;53800;AMETHYSTS;10002;3;9995;30;;;10005;30;;;;;10003.5;754.0
-2;53900;AMETHYSTS;9996;2;9995;25;;;10004;2;10005;25;;;10000.0;760.0
-2;53900;STARFRUIT;4986;2;4985;25;;;4992;27;;;;;4989.0;332.8203125
-2;54000;AMETHYSTS;9998;6;9996;1;9995;30;10004;1;10005;30;;;10001.0;764.0
-2;54000;STARFRUIT;4986;31;;;;;4991;1;4992;1;4993;30;4988.5;327.5703125
-2;54100;AMETHYSTS;9998;2;9996;2;9995;22;10004;2;10005;22;;;10001.0;764.0
-2;54100;STARFRUIT;4986;24;;;;;4991;2;4993;24;;;4988.5;322.078125
-2;54200;STARFRUIT;4986;28;;;;;4993;28;;;;;4989.5;325.578125
-2;54200;AMETHYSTS;9995;28;;;;;10005;28;;;;;10000.0;764.0
-2;54300;AMETHYSTS;9996;2;9995;23;;;10004;2;10005;23;;;10000.0;764.0
-2;54300;STARFRUIT;4991;1;4986;25;;;4992;2;4993;23;;;4991.5;329.7734375
-2;54400;AMETHYSTS;9995;29;;;;;10005;29;;;;;10000.0;772.0
-2;54400;STARFRUIT;4986;29;;;;;4993;29;;;;;4989.5;329.546875
-2;54500;STARFRUIT;4986;1;4985;20;;;4992;21;;;;;4989.0;334.9765625
-2;54500;AMETHYSTS;9996;1;9995;20;;;10004;1;10005;20;;;10000.0;772.0
-2;54600;STARFRUIT;4985;27;;;;;4992;27;;;;;4988.5;333.734375
-2;54600;AMETHYSTS;10002;3;9995;27;;;10005;27;;;;;10003.5;772.0
-2;54700;STARFRUIT;4984;29;;;;;4986;4;4991;29;;;4985.0;338.578125
-2;54700;AMETHYSTS;9996;2;9995;27;;;10004;2;10005;27;;;10000.0;778.0
-2;54800;AMETHYSTS;9998;8;9995;27;;;10005;27;;;;;10001.5;778.0
-2;54800;STARFRUIT;4984;27;;;;;4989;1;4991;27;;;4986.5;345.4619140625
-2;54900;STARFRUIT;4984;29;;;;;4991;29;;;;;4987.5;346.279296875
-2;54900;AMETHYSTS;9996;1;9995;28;;;10002;3;10004;1;10005;28;9999.0;778.0
-2;55000;STARFRUIT;4985;6;4984;30;;;4990;2;4991;28;;;4987.5;346.72265625
-2;55000;AMETHYSTS;9996;2;9995;28;;;10002;8;10004;2;10005;28;9999.0;778.0
-2;55100;STARFRUIT;4985;8;4984;29;;;4991;29;;;;;4988.0;346.7666015625
-2;55100;AMETHYSTS;9995;29;;;;;10005;29;;;;;10000.0;778.0
-2;55200;AMETHYSTS;9996;2;9995;21;;;10004;2;10005;21;;;10000.0;782.0
-2;55200;STARFRUIT;4984;23;;;;;4985;5;4989;8;4990;2;4984.5;352.037109375
-2;55300;STARFRUIT;4985;2;4984;27;;;4991;29;;;;;4988.0;363.99072265625
-2;55300;AMETHYSTS;9996;2;9995;27;;;9998;1;10002;2;10004;2;9997.0;782.0
-2;55400;STARFRUIT;4986;2;4985;22;;;4991;1;4992;21;;;4988.5;364.0712890625
-2;55400;AMETHYSTS;9998;3;9996;1;9995;21;10004;1;10005;21;;;10001.0;784.0
-2;55500;STARFRUIT;4990;1;4985;4;4984;25;4991;25;;;;;4990.5;363.5087890625
-2;55500;AMETHYSTS;9995;25;;;;;10002;9;10005;25;;;9998.5;784.0
-2;55600;AMETHYSTS;9995;26;;;;;10005;26;;;;;10000.0;784.0
-2;55600;STARFRUIT;4985;3;4984;26;;;4991;26;;;;;4988.0;366.0
-2;55700;STARFRUIT;4985;2;4984;23;;;4991;23;;;;;4988.0;363.7421875
-2;55700;AMETHYSTS;9996;2;9995;21;;;10004;2;10005;21;;;10000.0;784.0
-2;55800;STARFRUIT;4984;27;;;;;4991;27;;;;;4987.5;362.640625
-2;55800;AMETHYSTS;9998;6;9996;1;9995;26;10004;1;10005;26;;;10001.0;786.0
-2;55900;STARFRUIT;4984;22;;;;;4991;22;;;;;4987.5;363.1015625
-2;55900;AMETHYSTS;9995;22;;;;;10005;22;;;;;10000.0;786.0
-2;56000;AMETHYSTS;9996;2;9995;22;;;10002;10;10004;2;10005;22;9999.0;786.0
-2;56000;STARFRUIT;4984;2;4983;22;;;4985;3;4990;24;;;4984.5;367.0546875
-2;56100;STARFRUIT;4983;22;;;;;4990;22;;;;;4986.5;369.90625
-2;56100;AMETHYSTS;9996;2;9995;20;;;10004;2;10005;20;;;10000.0;786.0
-2;56200;STARFRUIT;4987;2;4983;30;;;4990;30;;;;;4988.5;373.40625
-2;56200;AMETHYSTS;9996;1;9995;29;;;10004;1;10005;29;;;10000.0;786.0
-2;56300;STARFRUIT;4983;8;4982;25;;;4989;27;;;;;4986.0;386.0859375
-2;56300;AMETHYSTS;10002;1;9996;2;9995;25;10004;2;10005;25;;;10003.0;786.0
-2;56400;AMETHYSTS;9996;1;9995;30;;;10004;1;10005;30;;;10000.0;788.0
-2;56400;STARFRUIT;4982;31;;;;;4989;31;;;;;4985.5;390.34375
-2;56500;STARFRUIT;4982;29;;;;;4989;29;;;;;4985.5;390.4453125
-2;56500;AMETHYSTS;9996;2;9995;27;;;10004;2;10005;27;;;10000.0;788.0
-2;56600;STARFRUIT;4983;2;4982;29;;;4989;31;;;;;4986.0;382.828125
-2;56600;AMETHYSTS;9996;2;9995;29;;;10002;4;10004;2;10005;29;9999.0;788.0
-2;56700;STARFRUIT;4987;6;4983;2;4982;24;4989;26;;;;;4988.0;384.703125
-2;56700;AMETHYSTS;9998;3;9996;2;9995;24;10000;2;10004;2;10005;24;9999.0;788.0
-2;56800;AMETHYSTS;10002;1;9998;10;9996;2;10004;2;10005;22;;;10003.0;788.0
-2;56800;STARFRUIT;4982;24;;;;;4989;24;;;;;4985.5;387.078125
-2;56900;STARFRUIT;4983;4;4982;20;;;4989;22;;;;;4986.0;383.40625
-2;56900;AMETHYSTS;9996;2;9995;20;;;10004;2;10005;20;;;10000.0;790.0
-2;57000;STARFRUIT;4983;28;;;;;4988;8;4989;1;4990;27;4985.5;379.9921875
-2;57000;AMETHYSTS;9996;1;9995;27;;;10004;1;10005;27;;;10000.0;790.0
-2;57100;STARFRUIT;4984;2;4983;25;;;4990;27;;;;;4987.0;369.8359375
-2;57100;AMETHYSTS;9996;2;9995;25;;;10004;2;10005;25;;;10000.0;790.0
-2;57200;AMETHYSTS;10002;2;9996;1;9995;26;10004;1;10005;26;;;10003.0;790.0
-2;57200;STARFRUIT;4989;1;4984;27;;;4990;27;;;;;4989.5;366.125
-2;57300;STARFRUIT;4984;1;4983;26;;;4990;27;;;;;4987.0;368.28125
-2;57300;AMETHYSTS;9996;1;9995;26;;;10002;9;10004;1;10005;26;9999.0;794.0
-2;57400;STARFRUIT;4984;24;;;;;4989;2;4991;24;;;4986.5;359.25
-2;57400;AMETHYSTS;9995;24;;;;;10005;24;;;;;10000.0;794.0
-2;57500;STARFRUIT;4989;5;4986;5;4985;25;4991;2;4992;23;;;4990.0;348.9296875
-2;57500;AMETHYSTS;9998;5;9996;2;9995;23;10004;2;10005;23;;;10001.0;794.0
-2;57600;AMETHYSTS;9995;24;;;;;10005;24;;;;;10000.0;794.0
-2;57600;STARFRUIT;4984;24;;;;;4991;24;;;;;4987.5;352.1640625
-2;57700;STARFRUIT;4985;29;;;;;4991;29;;;;;4988.0;351.109375
-2;57700;AMETHYSTS;9995;29;;;;;10005;29;;;;;10000.0;794.0
-2;57800;STARFRUIT;4984;31;;;;;4991;31;;;;;4987.5;362.46875
-2;57800;AMETHYSTS;9998;1;9996;2;9995;29;10004;2;10005;29;;;10001.0;794.0
-2;57900;STARFRUIT;4984;27;;;;;4987;6;4989;5;4990;2;4985.5;364.9453125
-2;57900;AMETHYSTS;9996;2;9995;25;;;9998;1;10000;6;10004;2;9997.0;794.0
-2;58000;AMETHYSTS;9996;1;9995;24;;;9998;4;10004;1;10005;24;9997.0;796.0
-2;58000;STARFRUIT;4984;5;4983;24;;;4990;25;;;;;4987.0;369.89453125
-2;58100;STARFRUIT;4983;23;;;;;4990;23;;;;;4986.5;370.83984375
-2;58100;AMETHYSTS;9995;23;;;;;10005;23;;;;;10000.0;804.0
-2;58200;STARFRUIT;4983;31;;;;;4990;31;;;;;4986.5;372.953125
-2;58200;AMETHYSTS;9996;1;9995;30;;;10004;1;10005;30;;;10000.0;810.0
-2;58300;STARFRUIT;4983;29;;;;;4990;29;;;;;4986.5;373.6875
-2;58300;AMETHYSTS;9995;29;;;;;10005;29;;;;;10000.0;810.0
-2;58400;AMETHYSTS;9996;2;9995;21;;;10004;2;10005;21;;;10000.0;810.0
-2;58400;STARFRUIT;4983;23;;;;;4988;1;4990;23;;;4985.5;374.1484375
-2;58500;STARFRUIT;4983;21;;;;;4990;21;;;;;4986.5;377.7275390625
-2;58500;AMETHYSTS;9995;21;;;;;10002;1;10005;21;;;9998.5;810.0
-2;58600;STARFRUIT;4983;25;;;;;4988;7;4990;25;;;4985.5;377.544921875
-2;58600;AMETHYSTS;10002;1;9995;25;;;10005;25;;;;;10003.5;810.0
-2;58700;STARFRUIT;4984;2;4983;32;;;4990;32;;;;;4987.0;377.9931640625
-2;58700;AMETHYSTS;9996;2;9995;30;;;10004;2;10005;30;;;10000.0;812.0
-2;58800;STARFRUIT;4982;29;;;;;4989;29;;;;;4985.5;379.01953125
-2;58800;AMETHYSTS;9995;29;;;;;10002;1;10005;29;;;9998.5;812.0
-2;58900;STARFRUIT;4983;25;;;;;4990;25;;;;;4986.5;378.0400390625
-2;58900;AMETHYSTS;9996;1;9995;24;;;10004;1;10005;24;;;10000.0;836.0
-2;59000;STARFRUIT;4984;22;;;;;4990;2;4991;20;;;4987.0;376.9150390625
-2;59000;AMETHYSTS;9996;2;9995;20;;;10004;2;10005;20;;;10000.0;836.0
-2;59100;AMETHYSTS;9995;27;;;;;10005;27;;;;;10000.0;836.0
-2;59100;STARFRUIT;4984;7;4983;27;;;4990;27;;;;;4987.0;377.27734375
-2;59200;STARFRUIT;4984;31;;;;;4990;2;4991;29;;;4987.0;376.75
-2;59200;AMETHYSTS;9998;4;9996;2;9995;29;10004;2;10005;29;;;10001.0;838.0
-2;59300;STARFRUIT;4983;26;;;;;4988;2;4990;27;;;4985.5;378.572265625
-2;59300;AMETHYSTS;9996;1;9995;26;;;10004;1;10005;26;;;10000.0;838.0
-2;59400;STARFRUIT;4983;1;4982;21;;;4989;22;;;;;4986.0;380.435546875
-2;59400;AMETHYSTS;9996;1;9995;21;;;10004;1;10005;21;;;10000.0;838.0
-2;59500;AMETHYSTS;10002;5;9995;23;;;10005;23;;;;;10003.5;838.0
-2;59500;STARFRUIT;4982;23;;;;;4989;23;;;;;4985.5;380.759765625
-2;59600;STARFRUIT;4983;29;;;;;4990;29;;;;;4986.5;379.0078125
-2;59600;AMETHYSTS;9996;2;9995;27;;;10004;2;10005;27;;;10000.0;848.0
-2;59700;STARFRUIT;4982;21;;;;;4989;21;;;;;4985.5;380.7734375
-2;59700;AMETHYSTS;9995;21;;;;;10005;21;;;;;10000.0;848.0
-2;59800;STARFRUIT;4982;25;;;;;4989;25;;;;;4985.5;383.76171875
-2;59800;AMETHYSTS;9996;1;9995;24;;;10004;1;10005;24;;;10000.0;848.0
-2;59900;AMETHYSTS;9996;1;9995;23;;;10002;6;10004;1;10005;23;9999.0;848.0
-2;59900;STARFRUIT;4983;24;;;;;4989;1;4990;23;;;4986.0;373.14453125
-2;60000;STARFRUIT;4982;22;;;;;4989;22;;;;;4985.5;382.9296875
-2;60000;AMETHYSTS;9998;3;9995;22;;;10005;22;;;;;10001.5;848.0
-2;60100;STARFRUIT;4982;27;;;;;4989;27;;;;;4985.5;378.8828125
-2;60100;AMETHYSTS;9996;2;9995;25;;;10004;2;10005;25;;;10000.0;850.0
-2;60200;STARFRUIT;4987;3;4982;25;;;4989;25;;;;;4988.0;376.1796875
-2;60200;AMETHYSTS;9995;25;;;;;10005;25;;;;;10000.0;850.0
-2;60300;AMETHYSTS;9996;1;9995;27;;;10004;1;10005;27;;;10000.0;866.0
-2;60300;STARFRUIT;4983;1;4982;27;;;4989;28;;;;;4986.0;380.8359375
-2;60400;STARFRUIT;4983;1;4982;20;;;4989;21;;;;;4986.0;379.578125
-2;60400;AMETHYSTS;9996;1;9995;20;;;9998;1;10004;1;10005;20;9997.0;866.0
-2;60500;STARFRUIT;4984;1;4983;23;;;4990;24;;;;;4987.0;361.890625
-2;60500;AMETHYSTS;9996;1;9995;23;;;10004;1;10005;23;;;10000.0;868.0
-2;60600;STARFRUIT;4984;2;4983;24;;;4990;24;;;;;4987.0;369.5078125
-2;60600;AMETHYSTS;9996;2;9995;22;;;10004;2;10005;22;;;10000.0;868.0
-2;60700;AMETHYSTS;9995;22;;;;;10005;22;;;;;10000.0;868.0
-2;60700;STARFRUIT;4983;22;;;;;4988;5;4990;22;;;4985.5;371.640625
-2;60800;STARFRUIT;4983;31;;;;;4990;32;;;;;4986.5;373.265625
-2;60800;AMETHYSTS;10002;10;9996;2;9995;30;10004;2;10005;30;;;10003.0;868.0
-2;60900;STARFRUIT;4983;31;;;;;4984;3;4987;4;4989;31;4983.5;377.9453125
-2;60900;AMETHYSTS;9996;2;9995;29;;;10004;2;10005;29;;;10000.0;888.0
-2;61000;AMETHYSTS;9995;28;;;;;10005;28;;;;;10000.0;888.0
-2;61000;STARFRUIT;4982;28;;;;;4989;28;;;;;4985.5;391.421875
-2;61100;AMETHYSTS;9995;29;;;;;10005;29;;;;;10000.0;888.0
-2;61100;STARFRUIT;4983;29;;;;;4988;3;4990;29;;;4985.5;382.5703125
-2;61200;STARFRUIT;4983;22;;;;;4986;2;4989;1;4990;21;4984.5;381.359375
-2;61200;AMETHYSTS;9998;9;9996;1;9995;21;10000;2;10004;1;10005;21;9999.0;888.0
-2;61300;AMETHYSTS;9996;1;9995;22;;;10004;1;10005;22;;;10000.0;888.0
-2;61300;STARFRUIT;4982;23;;;;;4989;23;;;;;4985.5;391.1484375
-2;61400;AMETHYSTS;9996;1;9995;30;;;10004;1;10005;30;;;10000.0;888.0
-2;61400;STARFRUIT;4982;31;;;;;4988;1;4989;30;;;4985.0;395.0703125
-2;61500;AMETHYSTS;9996;2;9995;27;;;10004;2;10005;27;;;10000.0;888.0
-2;61500;STARFRUIT;4982;29;;;;;4989;29;;;;;4985.5;392.828125
-2;61600;STARFRUIT;4982;30;;;;;4987;5;4989;30;;;4984.5;390.59375
-2;61600;AMETHYSTS;9996;2;9995;28;;;10004;2;10005;28;;;10000.0;888.0
-2;61700;AMETHYSTS;9996;1;9995;26;;;10004;1;10005;26;;;10000.0;888.0
-2;61700;STARFRUIT;4981;26;;;;;4986;7;4988;27;;;4983.5;398.6171875
-2;61800;AMETHYSTS;9995;20;;;;;10005;20;;;;;10000.0;888.0
-2;61800;STARFRUIT;4981;20;;;;;4988;20;;;;;4984.5;399.1328125
-2;61900;AMETHYSTS;9995;26;;;;;9998;1;10005;26;;;9996.5;888.0
-2;61900;STARFRUIT;4982;26;;;;;4989;26;;;;;4985.5;397.6953125
-2;62000;STARFRUIT;4987;1;4982;20;;;4989;20;;;;;4988.0;396.3515625
-2;62000;AMETHYSTS;9995;20;;;;;10005;20;;;;;10000.0;894.0
-2;62100;AMETHYSTS;9996;2;9995;23;;;10004;2;10005;23;;;10000.0;894.0
-2;62100;STARFRUIT;4982;25;;;;;4989;25;;;;;4985.5;395.671875
-2;62200;AMETHYSTS;9995;25;;;;;10002;3;10005;25;;;9998.5;894.0
-2;62200;STARFRUIT;4981;25;;;;;4988;25;;;;;4984.5;407.2734375
-2;62300;AMETHYSTS;9995;22;;;;;10005;22;;;;;10000.0;894.0
-2;62300;STARFRUIT;4982;22;;;;;4989;22;;;;;4985.5;395.546875
-2;62400;STARFRUIT;4982;25;;;;;4987;8;4989;25;;;4984.5;394.21875
-2;62400;AMETHYSTS;9996;2;9995;23;;;10004;2;10005;23;;;10000.0;898.0
-2;62500;AMETHYSTS;9996;1;9995;23;;;10004;1;10005;23;;;10000.0;898.0
-2;62500;STARFRUIT;4984;2;4983;24;;;4989;1;4990;23;;;4986.5;382.75
-2;62600;AMETHYSTS;9995;29;;;;;10005;29;;;;;10000.0;898.0
-2;62600;STARFRUIT;4984;29;;;;;4991;29;;;;;4987.5;364.5625
-2;62700;AMETHYSTS;9996;2;9995;24;;;10004;2;10005;24;;;10000.0;898.0
-2;62700;STARFRUIT;4984;26;;;;;4990;2;4991;24;;;4987.0;365.171875
-2;62800;STARFRUIT;4983;26;;;;;4984;1;4988;1;4990;26;4983.5;374.0078125
-2;62800;AMETHYSTS;9995;26;;;;;10005;26;;;;;10000.0;898.0
-2;62900;AMETHYSTS;9996;2;9995;27;;;9998;4;10004;2;10005;27;9997.0;898.0
-2;62900;STARFRUIT;4984;29;;;;;4989;1;4990;2;4991;27;4986.5;370.90625
-2;63000;AMETHYSTS;9995;29;;;;;10005;29;;;;;10000.0;906.0
-2;63000;STARFRUIT;4983;29;;;;;4988;4;4990;29;;;4985.5;372.140625
-2;63100;AMETHYSTS;9996;2;9995;24;;;10004;2;10005;24;;;10000.0;906.0
-2;63100;STARFRUIT;4984;1;4983;24;;;4990;26;;;;;4987.0;375.203125
-2;63200;STARFRUIT;4983;28;;;;;4990;28;;;;;4986.5;382.1953125
-2;63200;AMETHYSTS;9995;28;;;;;10005;28;;;;;10000.0;906.0
-2;63300;STARFRUIT;4984;32;;;;;4990;2;4991;30;;;4987.0;370.8125
-2;63300;AMETHYSTS;9996;2;9995;30;;;10004;2;10005;30;;;10000.0;906.0
-2;63400;AMETHYSTS;9996;2;9995;24;;;10004;2;10005;24;;;10000.0;906.0
-2;63400;STARFRUIT;4988;3;4984;2;4983;24;4990;26;;;;;4989.0;373.8125
-2;63500;STARFRUIT;4984;2;4983;20;;;4990;20;;;;;4987.0;386.609375
-2;63500;AMETHYSTS;9998;8;9995;20;;;10005;20;;;;;10001.5;906.0
-2;63600;STARFRUIT;4988;1;4983;21;;;4990;21;;;;;4989.0;390.0
-2;63600;AMETHYSTS;9995;21;;;;;10005;21;;;;;10000.0;906.0
-2;63700;STARFRUIT;4983;8;4982;30;;;4989;30;;;;;4986.0;398.75
-2;63700;AMETHYSTS;9996;2;9995;28;;;10002;6;10004;2;10005;28;9999.0;906.0
-2;63800;AMETHYSTS;9996;1;9995;21;;;10004;1;10005;21;;;10000.0;906.0
-2;63800;STARFRUIT;4982;21;;;;;4987;7;4989;22;;;4984.5;397.5703125
-2;63900;STARFRUIT;4982;21;;;;;4987;6;4989;21;;;4984.5;400.7578125
-2;63900;AMETHYSTS;9995;21;;;;;10005;21;;;;;10000.0;906.0
-2;64000;STARFRUIT;4982;30;;;;;4989;30;;;;;4985.5;408.75
-2;64000;AMETHYSTS;9998;6;9995;30;;;10005;30;;;;;10001.5;930.0
-2;64100;STARFRUIT;4982;27;;;;;4989;27;;;;;4985.5;406.6328125
-2;64100;AMETHYSTS;9995;27;;;;;10002;6;10005;27;;;9998.5;930.0
-2;64200;AMETHYSTS;9996;1;9995;24;;;10004;1;10005;24;;;10000.0;930.0
-2;64200;STARFRUIT;4982;25;;;;;4988;1;4989;24;;;4985.0;411.25
-2;64300;STARFRUIT;4982;23;;;;;4989;23;;;;;4985.5;406.09375
-2;64300;AMETHYSTS;9998;7;9996;1;9995;22;10004;1;10005;22;;;10001.0;936.0
-2;64400;STARFRUIT;4983;4;4982;27;;;4989;29;;;;;4986.0;397.09375
-2;64400;AMETHYSTS;9998;8;9996;2;9995;27;10004;2;10005;27;;;10001.0;936.0
-2;64500;STARFRUIT;4983;2;4982;27;;;4987;6;4989;29;;;4985.0;399.6875
-2;64500;AMETHYSTS;9998;5;9996;2;9995;27;10004;2;10005;27;;;10001.0;936.0
-2;64600;AMETHYSTS;9995;26;;;;;10005;26;;;;;10000.0;936.0
-2;64600;STARFRUIT;4982;26;;;;;4989;26;;;;;4985.5;404.3203125
-2;64700;STARFRUIT;4982;28;;;;;4989;28;;;;;4985.5;402.9140625
-2;64700;AMETHYSTS;9995;28;;;;;10005;28;;;;;10000.0;936.0
-2;64800;STARFRUIT;4983;2;4982;30;;;4989;32;;;;;4986.0;396.5546875
-2;64800;AMETHYSTS;9996;2;9995;30;;;10004;2;10005;30;;;10000.0;936.0
-2;64900;STARFRUIT;4983;2;4982;29;;;4987;3;4989;31;;;4985.0;396.5859375
-2;64900;AMETHYSTS;9996;2;9995;29;;;10004;2;10005;29;;;10000.0;936.0
-2;65000;AMETHYSTS;9995;25;;;;;9998;1;10005;25;;;9996.5;936.0
-2;65000;STARFRUIT;4983;25;;;;;4990;25;;;;;4986.5;395.6015625
-2;65100;STARFRUIT;4983;25;;;;;4989;2;4990;23;;;4986.0;394.796875
-2;65100;AMETHYSTS;9996;2;9995;23;;;10004;2;10005;23;;;10000.0;938.0
-2;65200;STARFRUIT;4988;1;4983;29;;;4990;29;;;;;4989.0;392.46875
-2;65200;AMETHYSTS;9998;8;9995;29;;;10005;29;;;;;10001.5;944.0
-2;65300;STARFRUIT;4983;21;;;;;4988;2;4990;21;;;4985.5;387.734375
-2;65300;AMETHYSTS;9995;21;;;;;10002;3;10005;21;;;9998.5;944.0
-2;65400;AMETHYSTS;9996;2;9995;26;;;10000;3;10004;2;10005;26;9998.0;946.0
-2;65400;STARFRUIT;4983;28;;;;;4986;3;4989;2;4990;26;4984.5;393.078125
-2;65500;STARFRUIT;4983;9;4982;27;;;4989;29;;;;;4986.0;396.734375
-2;65500;AMETHYSTS;9996;2;9995;27;;;10004;2;10005;27;;;10000.0;946.0
-2;65600;STARFRUIT;4982;20;;;;;4989;20;;;;;4985.5;396.421875
-2;65600;AMETHYSTS;9998;5;9995;20;;;10005;20;;;;;10001.5;946.0
-2;65700;STARFRUIT;4982;29;;;;;4989;29;;;;;4985.5;401.46875
-2;65700;AMETHYSTS;9995;29;;;;;10005;29;;;;;10000.0;946.0
-2;65800;AMETHYSTS;9998;9;9995;20;;;10005;20;;;;;10001.5;946.0
-2;65800;STARFRUIT;4982;20;;;;;4987;7;4989;20;;;4984.5;400.453125
-2;65900;STARFRUIT;4983;6;4982;23;;;4989;24;;;;;4986.0;396.421875
-2;65900;AMETHYSTS;9996;1;9995;23;;;10004;1;10005;23;;;10000.0;946.0
-2;66000;STARFRUIT;4983;2;4982;22;;;4989;24;;;;;4986.0;396.59375
-2;66000;AMETHYSTS;9998;4;9996;2;9995;22;10004;2;10005;22;;;10001.0;946.0
-2;66100;STARFRUIT;4982;27;;;;;4989;27;;;;;4985.5;401.171875
-2;66100;AMETHYSTS;9996;1;9995;26;;;9998;1;10004;1;10005;26;9997.0;946.0
-2;66200;AMETHYSTS;10002;1;10000;5;9995;20;10005;20;;;;;10003.5;948.0
-2;66200;STARFRUIT;4985;5;4982;20;;;4989;20;;;;;4987.0;407.0546875
-2;66300;STARFRUIT;4988;1;4984;2;4983;25;4989;1;4990;24;;;4988.5;393.8515625
-2;66300;AMETHYSTS;9996;1;9995;24;;;10004;1;10005;24;;;10000.0;950.0
-2;66400;STARFRUIT;4983;21;;;;;4990;21;;;;;4986.5;387.234375
-2;66400;AMETHYSTS;9995;21;;;;;9998;3;10005;21;;;9996.5;950.0
-2;66500;STARFRUIT;4983;2;4982;20;;;4989;22;;;;;4986.0;395.6953125
-2;66500;AMETHYSTS;9996;2;9995;20;;;10004;2;10005;20;;;10000.0;956.0
-2;66600;AMETHYSTS;9995;22;;;;;10005;22;;;;;10000.0;956.0
-2;66600;STARFRUIT;4982;22;;;;;4987;3;4989;22;;;4984.5;402.0625
-2;66700;STARFRUIT;4983;27;;;;;4990;27;;;;;4986.5;387.9296875
-2;66700;AMETHYSTS;9998;9;9995;27;;;10005;27;;;;;10001.5;956.0
-2;66800;STARFRUIT;4983;30;;;;;4990;30;;;;;4986.5;376.5390625
-2;66800;AMETHYSTS;9995;30;;;;;10005;30;;;;;10000.0;956.0
-2;66900;STARFRUIT;4989;1;4985;4;4984;23;4991;23;;;;;4990.0;375.5859375
-2;66900;AMETHYSTS;9998;4;9995;23;;;10005;23;;;;;10001.5;956.0
-2;67000;AMETHYSTS;9996;1;9995;24;;;10004;1;10005;24;;;10000.0;956.0
-2;67000;STARFRUIT;4984;25;;;;;4991;25;;;;;4987.5;366.859375
-2;67100;STARFRUIT;4983;23;;;;;4990;23;;;;;4986.5;378.109375
-2;67100;AMETHYSTS;9995;23;;;;;10005;23;;;;;10000.0;956.0
-2;67200;STARFRUIT;4984;1;4983;20;;;4990;22;;;;;4987.0;378.109375
-2;67200;AMETHYSTS;9996;2;9995;20;;;10002;3;10004;2;10005;20;9999.0;956.0
-2;67300;STARFRUIT;4985;1;4984;30;;;4991;30;;;;;4988.0;372.53125
-2;67300;AMETHYSTS;9995;30;;;;;9998;3;10005;30;;;9996.5;956.0
-2;67400;AMETHYSTS;9998;4;9996;1;9995;25;10004;1;10005;25;;;10001.0;956.0
-2;67400;STARFRUIT;4983;26;;;;;4990;26;;;;;4986.5;386.5859375
-2;67500;STARFRUIT;4983;20;;;;;4990;21;;;;;4986.5;392.515625
-2;67500;AMETHYSTS;9995;21;;;;;10005;21;;;;;10000.0;956.0
-2;67600;STARFRUIT;4983;27;;;;;4990;27;;;;;4986.5;386.625
-2;67600;AMETHYSTS;9996;2;9995;25;;;10004;2;10005;25;;;10000.0;956.0
-2;67700;AMETHYSTS;9996;1;9995;29;;;10004;1;10005;29;;;10000.0;956.0
-2;67700;STARFRUIT;4984;4;4983;29;;;4990;30;;;;;4987.0;378.0859375
-2;67800;STARFRUIT;4984;8;4983;30;;;4990;30;;;;;4987.0;382.5859375
-2;67800;AMETHYSTS;9998;3;9995;30;;;10005;30;;;;;10001.5;956.0
-2;67900;STARFRUIT;4983;25;;;;;4990;25;;;;;4986.5;380.4140625
-2;67900;AMETHYSTS;9995;25;;;;;10005;25;;;;;10000.0;956.0
-2;68000;STARFRUIT;4984;23;;;;;4991;23;;;;;4987.5;368.3359375
-2;68000;AMETHYSTS;9996;2;9995;21;;;10004;2;10005;21;;;10000.0;956.0
-2;68100;AMETHYSTS;9996;2;9995;29;;;10004;2;10005;29;;;10000.0;956.0
-2;68100;STARFRUIT;4984;31;;;;;4989;4;4990;2;4991;29;4986.5;384.7421875
-2;68200;STARFRUIT;4989;1;4983;31;;;4990;31;;;;;4989.5;391.64453125
-2;68200;AMETHYSTS;9996;2;9995;29;;;10004;2;10005;29;;;10000.0;956.0
-2;68300;STARFRUIT;4989;1;4983;29;;;4990;29;;;;;4989.5;394.2734375
-2;68300;AMETHYSTS;9996;1;9995;28;;;10004;1;10005;28;;;10000.0;956.0
-2;68400;STARFRUIT;4983;28;;;;;4990;28;;;;;4986.5;398.9375
-2;68400;AMETHYSTS;9996;2;9995;26;;;10004;2;10005;26;;;10000.0;956.0
-2;68500;AMETHYSTS;9995;23;;;;;10002;5;10005;23;;;9998.5;956.0
-2;68500;STARFRUIT;4984;23;;;;;4991;23;;;;;4987.5;391.1953125
-2;68600;STARFRUIT;4984;24;;;;;4990;1;4991;24;;;4987.0;390.25
-2;68600;AMETHYSTS;9996;1;9995;24;;;10004;1;10005;24;;;10000.0;956.0
-2;68700;STARFRUIT;4984;1;4983;27;;;4990;28;;;;;4987.0;395.0390625
-2;68700;AMETHYSTS;9996;1;9995;27;;;10004;1;10005;27;;;10000.0;956.0
-2;68800;STARFRUIT;4984;22;;;;;4991;22;;;;;4987.5;380.7421875
-2;68800;AMETHYSTS;9995;22;;;;;9998;1;10005;22;;;9996.5;956.0
-2;68900;AMETHYSTS;9996;1;9995;27;;;10004;1;10005;27;;;10000.0;956.0
-2;68900;STARFRUIT;4990;1;4984;28;;;4991;28;;;;;4990.5;383.734375
-2;69000;STARFRUIT;4984;30;;;;;4991;30;;;;;4987.5;383.1953125
-2;69000;AMETHYSTS;9996;2;9995;28;;;10004;2;10005;28;;;10000.0;956.0
-2;69100;STARFRUIT;4985;31;;;;;4986;1;4991;31;;;4985.5;378.90625
-2;69100;AMETHYSTS;9998;9;9996;1;9995;30;10004;1;10005;30;;;10001.0;956.0
-2;69200;STARFRUIT;4990;1;4989;2;4985;30;4992;30;;;;;4991.0;373.9375
-2;69200;AMETHYSTS;9996;2;9995;28;;;10004;2;10005;28;;;10000.0;956.0
-2;69300;AMETHYSTS;9995;21;;;;;9998;1;10005;21;;;9996.5;956.0
-2;69300;STARFRUIT;4990;1;4985;21;;;4992;21;;;;;4991.0;375.078125
-2;69400;STARFRUIT;4985;26;;;;;4992;26;;;;;4988.5;372.2734375
-2;69400;AMETHYSTS;10002;1;9998;2;9996;1;10004;1;10005;25;;;10003.0;956.0
-2;69500;STARFRUIT;4986;6;4985;26;;;4992;26;;;;;4989.0;372.8046875
-2;69500;AMETHYSTS;9998;1;9996;2;9995;24;10004;2;10005;24;;;10001.0;958.0
-2;69600;STARFRUIT;4985;22;;;;;4992;23;;;;;4988.5;383.5390625
-2;69600;AMETHYSTS;9995;23;;;;;10005;23;;;;;10000.0;958.0
-2;69700;AMETHYSTS;10002;1;9996;1;9995;20;10004;1;10005;20;;;10003.0;958.0
-2;69700;STARFRUIT;4985;1;4984;20;;;4991;21;;;;;4988.0;385.21875
-2;69800;STARFRUIT;4985;1;4984;23;;;4991;24;;;;;4988.0;386.7265625
-2;69800;AMETHYSTS;9996;1;9995;23;;;10004;1;10005;23;;;10000.0;966.0
-2;69900;AMETHYSTS;9996;2;9995;27;;;10004;2;10005;27;;;10000.0;966.0
-2;69900;STARFRUIT;4985;2;4984;27;;;4991;29;;;;;4988.0;388.078125
-2;70000;AMETHYSTS;9996;2;9995;27;;;10004;2;10005;27;;;10000.0;966.0
-2;70000;STARFRUIT;4985;2;4984;27;;;4991;29;;;;;4988.0;387.0703125
-2;70100;AMETHYSTS;9996;2;9995;22;;;10004;2;10005;22;;;10000.0;966.0
-2;70100;STARFRUIT;4984;24;;;;;4985;1;4991;24;;;4984.5;391.8046875
-2;70200;STARFRUIT;4985;22;;;;;4991;1;4992;21;;;4988.0;384.9453125
-2;70200;AMETHYSTS;9996;1;9995;21;;;10004;1;10005;21;;;10000.0;966.0
-2;70300;AMETHYSTS;9996;1;9995;25;;;9998;2;10004;1;10005;25;9997.0;966.0
-2;70300;STARFRUIT;4985;26;;;;;4992;26;;;;;4988.5;373.75
-2;70400;AMETHYSTS;9995;26;;;;;10005;26;;;;;10000.0;966.0
-2;70400;STARFRUIT;4984;26;;;;;4989;6;4991;26;;;4986.5;389.5078125
-2;70500;AMETHYSTS;9995;23;;;;;10000;3;10005;23;;;9997.5;966.0
-2;70500;STARFRUIT;4984;23;;;;;4987;3;4989;3;4991;23;4985.5;389.453125
-2;70600;STARFRUIT;4985;6;4984;28;;;4991;28;;;;;4988.0;394.546875
-2;70600;AMETHYSTS;9996;1;9995;27;;;10004;1;10005;27;;;10000.0;966.0
-2;70700;AMETHYSTS;9995;26;;;;;10005;26;;;;;10000.0;969.0
-2;70700;STARFRUIT;4983;26;;;;;4990;26;;;;;4986.5;413.2109375
-2;70800;AMETHYSTS;10002;1;9995;27;;;10005;27;;;;;10003.5;969.0
-2;70800;STARFRUIT;4983;27;;;;;4984;1;4990;27;;;4983.5;410.28125
-2;70900;AMETHYSTS;9996;2;9995;30;;;10004;2;10005;30;;;10000.0;971.0
-2;70900;STARFRUIT;4983;32;;;;;4990;32;;;;;4986.5;414.7265625
-2;71000;STARFRUIT;4983;30;;;;;4990;30;;;;;4986.5;417.4296875
-2;71000;AMETHYSTS;9996;1;9995;29;;;10002;5;10004;1;10005;29;9999.0;971.0
-2;71100;AMETHYSTS;9998;9;9996;1;9995;21;10004;1;10005;21;;;10001.0;971.0
-2;71100;STARFRUIT;4983;22;;;;;4989;1;4990;21;;;4986.0;422.1015625
-2;71200;AMETHYSTS;10002;1;9996;1;9995;28;10004;1;10005;28;;;10003.0;971.0
-2;71200;STARFRUIT;4983;28;;;;;4990;29;;;;;4986.5;414.34375
-2;71300;AMETHYSTS;9996;2;9995;26;;;10002;4;10004;2;10005;26;9999.0;973.0
-2;71300;STARFRUIT;4984;2;4983;26;;;4988;4;4990;28;;;4986.0;405.4921875
-2;71400;STARFRUIT;4984;26;;;;;4990;2;4991;24;;;4987.0;403.5234375
-2;71400;AMETHYSTS;9996;2;9995;24;;;10002;3;10004;2;10005;24;9999.0;973.0
-2;71500;AMETHYSTS;10002;1;9996;2;9995;26;10004;2;10005;26;;;10003.0;973.0
-2;71500;STARFRUIT;4984;28;;;;;4985;3;4991;28;;;4984.5;398.5859375
-2;71600;AMETHYSTS;9996;1;9995;27;;;9998;3;10004;1;10005;27;9997.0;975.0
-2;71600;STARFRUIT;4984;28;;;;;4991;28;;;;;4987.5;399.3984375
-2;71700;AMETHYSTS;9996;2;9995;29;;;10004;2;10005;29;;;10000.0;975.0
-2;71700;STARFRUIT;4984;31;;;;;4989;4;4991;31;;;4986.5;398.4140625
-2;71800;STARFRUIT;4984;27;;;;;4990;2;4991;25;;;4987.0;403.734375
-2;71800;AMETHYSTS;10002;1;9996;2;9995;25;10004;2;10005;25;;;10003.0;975.0
-2;71900;AMETHYSTS;10002;1;9996;1;9995;25;10004;1;10005;25;;;10003.0;977.0
-2;71900;STARFRUIT;4984;26;;;;;4990;1;4991;25;;;4987.0;403.5078125
-2;72000;AMETHYSTS;9996;1;9995;20;;;10004;1;10005;20;;;10000.0;979.0
-2;72000;STARFRUIT;4984;1;4983;20;;;4988;6;4990;21;;;4986.0;408.8203125
-2;72100;AMETHYSTS;9995;21;;;;;10005;21;;;;;10000.0;979.0
-2;72100;STARFRUIT;4983;21;;;;;4988;5;4990;21;;;4985.5;406.0234375
-2;72200;STARFRUIT;4988;3;4984;31;;;4991;31;;;;;4989.5;399.7890625
-2;72200;AMETHYSTS;9996;2;9995;29;;;10004;2;10005;29;;;10000.0;979.0
-2;72300;STARFRUIT;4984;23;;;;;4991;23;;;;;4987.5;397.4609375
-2;72300;AMETHYSTS;9996;1;9995;22;;;10002;8;10004;1;10005;22;9999.0;979.0
-2;72400;AMETHYSTS;10002;1;9996;2;9995;20;10004;2;10005;20;;;10003.0;979.0
-2;72400;STARFRUIT;4985;2;4984;20;;;4989;6;4991;22;;;4987.0;388.53125
-2;72500;STARFRUIT;4986;9;4985;25;;;4992;27;;;;;4989.0;368.2265625
-2;72500;AMETHYSTS;9996;2;9995;25;;;10004;2;10005;25;;;10000.0;981.0
-2;72600;STARFRUIT;4986;2;4985;29;;;4991;2;4992;27;;;4988.5;384.15625
-2;72600;AMETHYSTS;9996;2;9995;27;;;10004;2;10005;27;;;10000.0;983.0
-2;72700;STARFRUIT;4985;23;;;;;4992;23;;;;;4988.5;384.0625
-2;72700;AMETHYSTS;9995;23;;;;;10005;23;;;;;10000.0;983.0
-2;72800;AMETHYSTS;9995;20;;;;;10005;20;;;;;10000.0;983.0
-2;72800;STARFRUIT;4984;20;;;;;4991;20;;;;;4987.5;388.375
-2;72900;STARFRUIT;4984;24;;;;;4991;24;;;;;4987.5;391.8359375
-2;72900;AMETHYSTS;9998;1;9996;2;9995;22;10004;2;10005;22;;;10001.0;983.0
-2;73000;STARFRUIT;4984;21;;;;;4989;2;4990;1;4991;21;4986.5;402.109375
-2;73000;AMETHYSTS;9996;1;9995;21;;;10002;7;10004;1;10005;21;9999.0;985.0
-2;73100;STARFRUIT;4984;31;;;;;4990;2;4991;29;;;4987.0;401.7265625
-2;73100;AMETHYSTS;9996;2;9995;29;;;10002;3;10004;2;10005;29;9999.0;985.0
-2;73200;AMETHYSTS;9995;21;;;;;10005;21;;;;;10000.0;985.0
-2;73200;STARFRUIT;4984;21;;;;;4991;21;;;;;4987.5;403.6953125
-2;73300;STARFRUIT;4984;1;4983;29;;;4990;30;;;;;4987.0;408.484375
-2;73300;AMETHYSTS;9996;1;9995;29;;;10004;1;10005;29;;;10000.0;985.0
-2;73400;STARFRUIT;4983;30;;;;;4988;4;4990;30;;;4985.5;410.421875
-2;73400;AMETHYSTS;9995;30;;;;;9998;1;10005;30;;;9996.5;985.0
-2;73500;STARFRUIT;4983;25;;;;;4990;25;;;;;4986.5;414.90625
-2;73500;AMETHYSTS;9996;2;9995;23;;;10004;2;10005;23;;;10000.0;987.0
-2;73600;AMETHYSTS;9996;1;9995;24;;;10004;1;10005;24;;;10000.0;987.0
-2;73600;STARFRUIT;4982;25;;;;;4989;25;;;;;4985.5;432.609375
-2;73700;STARFRUIT;4982;24;;;;;4989;24;;;;;4985.5;424.4921875
-2;73700;AMETHYSTS;9995;24;;;;;10005;24;;;;;10000.0;987.0
-2;73800;STARFRUIT;4982;24;;;;;4987;5;4989;24;;;4984.5;426.8046875
-2;73800;AMETHYSTS;9995;24;;;;;10005;24;;;;;10000.0;987.0
-2;73900;STARFRUIT;4982;30;;;;;4983;3;4989;30;;;4982.5;433.984375
-2;73900;AMETHYSTS;9995;30;;;;;10005;30;;;;;10000.0;987.0
-2;74000;AMETHYSTS;10002;1;9998;10;9996;2;10004;2;10005;24;;;10003.0;987.0
-2;74000;STARFRUIT;4982;26;;;;;4987;3;4989;26;;;4984.5;431.6796875
-2;74100;STARFRUIT;4985;6;4982;32;;;4989;32;;;;;4987.0;436.703125
-2;74100;AMETHYSTS;10000;6;9996;2;9995;30;10004;2;10005;30;;;10002.0;989.0
-2;74200;STARFRUIT;4981;22;;;;;4988;22;;;;;4984.5;453.125
-2;74200;AMETHYSTS;9996;2;9995;20;;;10002;6;10004;2;10005;20;9999.0;989.0
-2;74300;STARFRUIT;4982;7;4981;30;;;4988;32;;;;;4985.0;446.4453125
-2;74300;AMETHYSTS;9996;2;9995;30;;;10002;6;10004;2;10005;30;9999.0;989.0
-2;74400;AMETHYSTS;9995;30;;;;;10005;30;;;;;10000.0;989.0
-2;74400;STARFRUIT;4981;30;;;;;4988;30;;;;;4984.5;459.1171875
-2;74500;STARFRUIT;4984;3;4981;29;;;4988;29;;;;;4986.0;460.7734375
-2;74500;AMETHYSTS;10000;3;9995;29;;;10005;29;;;;;10002.5;989.0
-2;74600;STARFRUIT;4981;29;;;;;4988;29;;;;;4984.5;459.8828125
-2;74600;AMETHYSTS;10002;1;9998;7;9995;29;10005;29;;;;;10003.5;989.0
-2;74700;STARFRUIT;4981;32;;;;;4988;32;;;;;4984.5;449.71875
-2;74700;AMETHYSTS;9996;2;9995;30;;;10004;2;10005;30;;;10000.0;991.0
-2;74800;AMETHYSTS;9998;9;9996;1;9995;25;10004;1;10005;25;;;10001.0;991.0
-2;74800;STARFRUIT;4982;26;;;;;4988;1;4989;25;;;4985.0;440.7421875
-2;74900;STARFRUIT;4982;31;;;;;4988;1;4989;30;;;4985.0;439.515625
-2;74900;AMETHYSTS;10002;1;9996;1;9995;30;10004;1;10005;30;;;10003.0;991.0
-2;75000;STARFRUIT;4987;1;4981;27;;;4988;27;;;;;4987.5;445.2890625
-2;75000;AMETHYSTS;9995;27;;;;;9998;1;10005;27;;;9996.5;993.0
-2;75100;STARFRUIT;4981;30;;;;;4988;30;;;;;4984.5;448.4453125
-2;75100;AMETHYSTS;9995;30;;;;;10005;30;;;;;10000.0;1013.0
-2;75200;AMETHYSTS;9998;2;9996;2;9995;24;10004;2;10005;24;;;10001.0;1013.0
-2;75200;STARFRUIT;4986;3;4982;26;;;4988;2;4989;24;;;4987.0;440.2421875
-2;75300;STARFRUIT;4983;1;4982;28;;;4989;29;;;;;4986.0;426.78125
-2;75300;AMETHYSTS;9996;1;9995;28;;;10004;1;10005;28;;;10000.0;1013.0
-2;75400;STARFRUIT;4983;31;;;;;4989;1;4990;30;;;4986.0;422.6953125
-2;75400;AMETHYSTS;9996;1;9995;30;;;10004;1;10005;30;;;10000.0;1013.0
-2;75500;STARFRUIT;4983;6;4982;28;;;4989;30;;;;;4986.0;427.5703125
-2;75500;AMETHYSTS;9996;2;9995;28;;;10004;2;10005;28;;;10000.0;1013.0
-2;75600;AMETHYSTS;10002;1;9996;2;9995;26;10004;2;10005;26;;;10003.0;1013.0
-2;75600;STARFRUIT;4983;28;;;;;4989;2;4990;26;;;4986.0;424.2578125
-2;75700;STARFRUIT;4983;27;;;;;4988;3;4989;1;4990;26;4985.5;426.8046875
