timestamp;buyer;seller;symbol;currency;price;quantity
0;;;AMETHYSTS;SEASHELLS;10004.0;1
0;;;STARFRUIT;SEASHELLS;5003.0;1
0;;;STARFRUIT;SEASHELLS;5003.0;13
600;;;AMETHYSTS;SEASHELLS;10000.0;5
1100;;;AMETHYSTS;SEASHELLS;9998.0;10
1200;;;AMETHYSTS;SEASHELLS;9998.0;1
1300;;;AMETHYSTS;SEASHELLS;10002.0;1
1700;;;AMETHYSTS;SEASHELLS;10002.0;1
1700;;;STARFRUIT;SEASHELLS;5001.0;9
1800;;;AMETHYSTS;SEASHELLS;10002.0;1
1900;;;STARFRUIT;SEASHELLS;5002.0;1
2000;;;AMETHYSTS;SEASHELLS;9998.0;1
2300;;;STARFRUIT;SEASHELLS;5000.0;7
2400;;;STARFRUIT;SEASHELLS;5000.0;1
2400;;;STARFRUIT;SEASHELLS;4997.0;1
2600;;;STARFRUIT;SEASHELLS;4999.0;1
2900;;;AMETHYSTS;SEASHELLS;9998.0;12
3000;;;AMETHYSTS;SEASHELLS;9999.0;1
3000;;;STARFRUIT;SEASHELLS;5003.0;1
3100;;;STARFRUIT;SEASHELLS;4998.0;2
3100;;;AMETHYSTS;SEASHELLS;9998.0;2
3200;;;STARFRUIT;SEASHELLS;4998.0;2
3200;;;AMETHYSTS;SEASHELLS;9997.0;2
3700;;;AMETHYSTS;SEASHELLS;10002.0;1
3800;;;STARFRUIT;SEASHELLS;4999.0;10
3800;;;AMETHYSTS;SEASHELLS;9997.0;1
3800;;;STARFRUIT;SEASHELLS;4999.0;4
3800;;;STARFRUIT;SEASHELLS;4997.0;1
3900;;;STARFRUIT;SEASHELLS;5000.0;4
4100;;;STARFRUIT;SEASHELLS;4999.0;4
4200;;;AMETHYSTS;SEASHELLS;9996.0;2
4300;;;STARFRUIT;SEASHELLS;4998.0;2
4300;;;STARFRUIT;SEASHELLS;5003.0;1
4300;;;AMETHYSTS;SEASHELLS;9995.0;2
4500;;;STARFRUIT;SEASHELLS;4997.0;1
4600;;;STARFRUIT;SEASHELLS;4999.0;2
4800;;;AMETHYSTS;SEASHELLS;9999.0;2
4800;;;STARFRUIT;SEASHELLS;4998.0;1
4900;;;STARFRUIT;SEASHELLS;4998.0;1
5100;;;STARFRUIT;SEASHELLS;4998.0;1
5300;;;STARFRUIT;SEASHELLS;5002.0;1
5500;;;STARFRUIT;SEASHELLS;5000.0;2
5700;;;STARFRUIT;SEASHELLS;4999.0;1
6100;;;STARFRUIT;SEASHELLS;4999.0;1
6500;;;AMETHYSTS;SEASHELLS;9998.0;1
6600;;;AMETHYSTS;SEASHELLS;9999.0;8
6700;;;AMETHYSTS;SEASHELLS;10002.0;3
6900;;;STARFRUIT;SEASHELLS;5003.0;1
6900;;;AMETHYSTS;SEASHELLS;10002.0;1
7000;;;STARFRUIT;SEASHELLS;5004.0;2
7000;;;AMETHYSTS;SEASHELLS;10000.0;2
7300;;;STARFRUIT;SEASHELLS;5004.0;2
7300;;;AMETHYSTS;SEASHELLS;10002.0;1
7300;;;AMETHYSTS;SEASHELLS;10000.0;2
7400;;;STARFRUIT;SEASHELLS;4998.0;1
7700;;;STARFRUIT;SEASHELLS;4997.0;1
8100;;;AMETHYSTS;SEASHELLS;9998.0;11
8100;;;AMETHYSTS;SEASHELLS;10000.0;1
8100;;;STARFRUIT;SEASHELLS;5004.0;1
8600;;;STARFRUIT;SEASHELLS;4998.0;1
8800;;;AMETHYSTS;SEASHELLS;9998.0;1
9200;;;STARFRUIT;SEASHELLS;5003.0;1
10300;;;AMETHYSTS;SEASHELLS;9998.0;1
10300;;;STARFRUIT;SEASHELLS;5001.0;1
10400;;;AMETHYSTS;SEASHELLS;10002.0;1
10800;;;AMETHYSTS;SEASHELLS;10000.0;12
11100;;;AMETHYSTS;SEASHELLS;9998.0;4
11100;;;AMETHYSTS;SEASHELLS;9998.0;3
11300;;;STARFRUIT;SEASHELLS;4999.0;3
11400;;;AMETHYSTS;SEASHELLS;9998.0;2
11400;;;STARFRUIT;SEASHELLS;4999.0;2
11500;;;STARFRUIT;SEASHELLS;5000.0;1
11500;;;AMETHYSTS;SEASHELLS;10002.0;2
11700;;;STARFRUIT;SEASHELLS;4998.0;2
11800;;;STARFRUIT;SEASHELLS;5003.0;1
11800;;;STARFRUIT;SEASHELLS;5000.0;4
11800;;;STARFRUIT;SEASHELLS;5000.0;2
12000;;;STARFRUIT;SEASHELLS;5001.0;1
12000;;;AMETHYSTS;SEASHELLS;10002.0;1
12400;;;STARFRUIT;SEASHELLS;5005.0;15
12500;;;STARFRUIT;SEASHELLS;4998.0;1
13000;;;AMETHYSTS;SEASHELLS;10002.0;1
13000;;;STARFRUIT;SEASHELLS;5002.0;1
13200;;;AMETHYSTS;SEASHELLS;9998.0;2
13300;;;STARFRUIT;SEASHELLS;5004.0;2
13300;;;AMETHYSTS;SEASHELLS;10000.0;2
13600;;;STARFRUIT;SEASHELLS;4997.0;1
13700;;;AMETHYSTS;SEASHELLS;9998.0;4
13900;;;STARFRUIT;SEASHELLS;5001.0;6
14200;;;STARFRUIT;SEASHELLS;4998.0;1
14900;;;AMETHYSTS;SEASHELLS;10000.0;4
15000;;;STARFRUIT;SEASHELLS;5003.0;2
15000;;;STARFRUIT;SEASHELLS;5003.0;7
15000;;;STARFRUIT;SEASHELLS;5003.0;1
15200;;;STARFRUIT;SEASHELLS;4998.0;1
15300;;;AMETHYSTS;SEASHELLS;10000.0;3
15400;;;AMETHYSTS;SEASHELLS;9998.0;1
15500;;;AMETHYSTS;SEASHELLS;10002.0;1
15600;;;AMETHYSTS;SEASHELLS;10000.0;2
15600;;;STARFRUIT;SEASHELLS;5001.0;1
15700;;;AMETHYSTS;SEASHELLS;10002.0;1
15700;;;AMETHYSTS;SEASHELLS;10002.0;5
15800;;;STARFRUIT;SEASHELLS;5002.0;1
16200;;;STARFRUIT;SEASHELLS;4998.0;1
16200;;;AMETHYSTS;SEASHELLS;9998.0;1
16200;;;STARFRUIT;SEASHELLS;4998.0;1
16300;;;AMETHYSTS;SEASHELLS;10000.0;8
16400;;;AMETHYSTS;SEASHELLS;10002.0;1
16600;;;STARFRUIT;SEASHELLS;4996.0;1
16700;;;AMETHYSTS;SEASHELLS;10002.0;1
16700;;;STARFRUIT;SEASHELLS;5001.0;1
16800;;;AMETHYSTS;SEASHELLS;9998.0;5
17400;;;AMETHYSTS;SEASHELLS;10000.0;6
17700;;;STARFRUIT;SEASHELLS;5001.0;1
18200;;;STARFRUIT;SEASHELLS;4996.0;1
18200;;;STARFRUIT;SEASHELLS;4997.0;4
18500;;;STARFRUIT;SEASHELLS;5000.0;1
18600;;;AMETHYSTS;SEASHELLS;10002.0;1
18800;;;STARFRUIT;SEASHELLS;4999.0;2
19000;;;STARFRUIT;SEASHELLS;4996.0;10
19200;;;AMETHYSTS;SEASHELLS;9998.0;1
19300;;;AMETHYSTS;SEASHELLS;9998.0;1
19300;;;STARFRUIT;SEASHELLS;4997.0;1
19600;;;STARFRUIT;SEASHELLS;4999.0;8
19700;;;STARFRUIT;SEASHELLS;4999.0;1
19700;;;STARFRUIT;SEASHELLS;4997.0;1
19700;;;AMETHYSTS;SEASHELLS;10002.0;1
19800;;;STARFRUIT;SEASHELLS;4999.0;1
19900;;;STARFRUIT;SEASHELLS;4999.0;1
20100;;;AMETHYSTS;SEASHELLS;10002.0;1
20100;;;AMETHYSTS;SEASHELLS;10002.0;4
20200;;;AMETHYSTS;SEASHELLS;9998.0;1
20300;;;STARFRUIT;SEASHELLS;4997.0;1
20400;;;STARFRUIT;SEASHELLS;4999.0;1
20400;;;STARFRUIT;SEASHELLS;4999.0;4
20500;;;AMETHYSTS;SEASHELLS;9998.0;1
20500;;;AMETHYSTS;SEASHELLS;10000.0;3
20700;;;AMETHYSTS;SEASHELLS;10002.0;1
20700;;;AMETHYSTS;SEASHELLS;10000.0;6
20900;;;STARFRUIT;SEASHELLS;5000.0;1
21200;;;AMETHYSTS;SEASHELLS;9998.0;1
21300;;;AMETHYSTS;SEASHELLS;9999.0;8
21600;;;AMETHYSTS;SEASHELLS;10002.0;11
21700;;;STARFRUIT;SEASHELLS;5002.0;8
22100;;;STARFRUIT;SEASHELLS;4997.0;1
22200;;;AMETHYSTS;SEASHELLS;9999.0;11
22400;;;AMETHYSTS;SEASHELLS;9998.0;1
22400;;;AMETHYSTS;SEASHELLS;10000.0;9
22500;;;STARFRUIT;SEASHELLS;5003.0;11
22600;;;STARFRUIT;SEASHELLS;5000.0;1
22700;;;STARFRUIT;SEASHELLS;4997.0;1
22800;;;AMETHYSTS;SEASHELLS;9998.0;2
22800;;;STARFRUIT;SEASHELLS;4996.0;1
23200;;;AMETHYSTS;SEASHELLS;9998.0;2
23200;;;STARFRUIT;SEASHELLS;4997.0;2
23300;;;AMETHYSTS;SEASHELLS;9998.0;1
23500;;;STARFRUIT;SEASHELLS;4998.0;1
23700;;;AMETHYSTS;SEASHELLS;10002.0;1
23700;;;AMETHYSTS;SEASHELLS;9998.0;8
23900;;;STARFRUIT;SEASHELLS;5002.0;1
24100;;;AMETHYSTS;SEASHELLS;9998.0;8
24100;;;STARFRUIT;SEASHELLS;5001.0;1
24400;;;AMETHYSTS;SEASHELLS;10002.0;1
24500;;;AMETHYSTS;SEASHELLS;9998.0;2
24500;;;STARFRUIT;SEASHELLS;4998.0;2
24500;;;AMETHYSTS;SEASHELLS;10002.0;1
24600;;;AMETHYSTS;SEASHELLS;9998.0;2
24600;;;STARFRUIT;SEASHELLS;5001.0;5
24800;;;STARFRUIT;SEASHELLS;4999.0;11
24900;;;AMETHYSTS;SEASHELLS;10002.0;1
24900;;;STARFRUIT;SEASHELLS;4999.0;4
25100;;;AMETHYSTS;SEASHELLS;10002.0;1
25200;;;AMETHYSTS;SEASHELLS;9998.0;5
25200;;;AMETHYSTS;SEASHELLS;9998.0;3
25200;;;STARFRUIT;SEASHELLS;5001.0;1
25200;;;AMETHYSTS;SEASHELLS;10002.0;1
25300;;;STARFRUIT;SEASHELLS;4995.0;1
25400;;;STARFRUIT;SEASHELLS;5000.0;4
25500;;;AMETHYSTS;SEASHELLS;9998.0;1
25500;;;AMETHYSTS;SEASHELLS;9998.0;5
25700;;;AMETHYSTS;SEASHELLS;10000.0;4
25800;;;STARFRUIT;SEASHELLS;4995.0;1
25800;;;AMETHYSTS;SEASHELLS;10002.0;4
26000;;;STARFRUIT;SEASHELLS;4995.0;2
26000;;;STARFRUIT;SEASHELLS;4995.0;5
26300;;;AMETHYSTS;SEASHELLS;9998.0;1
26400;;;STARFRUIT;SEASHELLS;4994.0;1
26600;;;AMETHYSTS;SEASHELLS;9998.0;1
26800;;;STARFRUIT;SEASHELLS;4998.0;1
26900;;;AMETHYSTS;SEASHELLS;10002.0;1
26900;;;STARFRUIT;SEASHELLS;4992.0;1
27000;;;STARFRUIT;SEASHELLS;4995.0;17
27100;;;STARFRUIT;SEASHELLS;4995.0;5
27300;;;STARFRUIT;SEASHELLS;4996.0;1
27400;;;STARFRUIT;SEASHELLS;4995.0;2
27600;;;AMETHYSTS;SEASHELLS;9998.0;4
27600;;;STARFRUIT;SEASHELLS;4992.0;1
27700;;;STARFRUIT;SEASHELLS;4993.0;1
27800;;;STARFRUIT;SEASHELLS;4997.0;1
27900;;;STARFRUIT;SEASHELLS;4998.0;1
28200;;;AMETHYSTS;SEASHELLS;9998.0;2
28200;;;STARFRUIT;SEASHELLS;4997.0;5
28200;;;STARFRUIT;SEASHELLS;4997.0;6
28300;;;STARFRUIT;SEASHELLS;4994.0;2
28400;;;STARFRUIT;SEASHELLS;4996.0;4
28400;;;STARFRUIT;SEASHELLS;4992.0;1
28600;;;AMETHYSTS;SEASHELLS;10002.0;1
29000;;;STARFRUIT;SEASHELLS;4990.0;1
29000;;;AMETHYSTS;SEASHELLS;10000.0;8
29200;;;STARFRUIT;SEASHELLS;4996.0;1
29300;;;STARFRUIT;SEASHELLS;4995.0;10
29300;;;STARFRUIT;SEASHELLS;4995.0;2
29400;;;STARFRUIT;SEASHELLS;4991.0;1
29400;;;AMETHYSTS;SEASHELLS;10002.0;1
29400;;;AMETHYSTS;SEASHELLS;10002.0;1
29700;;;STARFRUIT;SEASHELLS;4991.0;1
30000;;;AMETHYSTS;SEASHELLS;9998.0;1
30000;;;AMETHYSTS;SEASHELLS;9998.0;1
30000;;;AMETHYSTS;SEASHELLS;9998.0;3
30200;;;STARFRUIT;SEASHELLS;4995.0;10
30300;;;STARFRUIT;SEASHELLS;4996.0;1
30400;;;AMETHYSTS;SEASHELLS;10000.0;5
30600;;;STARFRUIT;SEASHELLS;4992.0;1
30600;;;AMETHYSTS;SEASHELLS;10000.0;1
30600;;;STARFRUIT;SEASHELLS;4996.0;1
31000;;;AMETHYSTS;SEASHELLS;10000.0;4
31300;;;STARFRUIT;SEASHELLS;4994.0;9
31400;;;AMETHYSTS;SEASHELLS;9998.0;1
31600;;;STARFRUIT;SEASHELLS;4997.0;1
31800;;;AMETHYSTS;SEASHELLS;10000.0;6
31900;;;AMETHYSTS;SEASHELLS;10001.0;2
32400;;;STARFRUIT;SEASHELLS;4991.0;1
32500;;;STARFRUIT;SEASHELLS;4991.0;1
32600;;;AMETHYSTS;SEASHELLS;10005.0;2
32600;;;STARFRUIT;SEASHELLS;4995.0;2
32600;;;AMETHYSTS;SEASHELLS;10002.0;1
32800;;;AMETHYSTS;SEASHELLS;9999.0;9
33000;;;STARFRUIT;SEASHELLS;4996.0;1
33000;;;AMETHYSTS;SEASHELLS;10002.0;6
33100;;;STARFRUIT;SEASHELLS;4991.0;1
33200;;;STARFRUIT;SEASHELLS;4991.0;4
33200;;;STARFRUIT;SEASHELLS;4990.0;1
33200;;;STARFRUIT;SEASHELLS;4991.0;6
33500;;;STARFRUIT;SEASHELLS;4994.0;1
33500;;;AMETHYSTS;SEASHELLS;10000.0;1
33600;;;AMETHYSTS;SEASHELLS;10002.0;6
33800;;;STARFRUIT;SEASHELLS;4994.0;3
34000;;;AMETHYSTS;SEASHELLS;10002.0;1
34000;;;STARFRUIT;SEASHELLS;4990.0;1
34100;;;AMETHYSTS;SEASHELLS;9999.0;3
34200;;;STARFRUIT;SEASHELLS;4993.0;7
34200;;;STARFRUIT;SEASHELLS;4993.0;2
34300;;;AMETHYSTS;SEASHELLS;10002.0;1
34500;;;STARFRUIT;SEASHELLS;4991.0;1
34600;;;STARFRUIT;SEASHELLS;4990.0;1
35000;;;STARFRUIT;SEASHELLS;4993.0;10
35000;;;AMETHYSTS;SEASHELLS;10002.0;1
35000;;;STARFRUIT;SEASHELLS;4997.0;1
35100;;;AMETHYSTS;SEASHELLS;10002.0;1
35100;;;STARFRUIT;SEASHELLS;4994.0;8
35100;;;AMETHYSTS;SEASHELLS;10002.0;2
35300;;;STARFRUIT;SEASHELLS;4993.0;6
35300;;;STARFRUIT;SEASHELLS;4998.0;1
35400;;;AMETHYSTS;SEASHELLS;10002.0;3
35400;;;STARFRUIT;SEASHELLS;4997.0;1
35800;;;STARFRUIT;SEASHELLS;4994.0;2
35800;;;STARFRUIT;SEASHELLS;4996.0;17
36000;;;STARFRUIT;SEASHELLS;4996.0;6
36100;;;AMETHYSTS;SEASHELLS;10002.0;1
36200;;;AMETHYSTS;SEASHELLS;9998.0;1
36400;;;STARFRUIT;SEASHELLS;4998.0;1
36500;;;STARFRUIT;SEASHELLS;4994.0;2
36600;;;STARFRUIT;SEASHELLS;4996.0;3
37000;;;STARFRUIT;SEASHELLS;4995.0;11
37300;;;STARFRUIT;SEASHELLS;4992.0;1
37300;;;AMETHYSTS;SEASHELLS;9998.0;10
37400;;;AMETHYSTS;SEASHELLS;10002.0;1
37500;;;AMETHYSTS;SEASHELLS;9998.0;1
37500;;;STARFRUIT;SEASHELLS;4993.0;1
37800;;;STARFRUIT;SEASHELLS;4991.0;1
38000;;;AMETHYSTS;SEASHELLS;10002.0;1
38400;;;STARFRUIT;SEASHELLS;4993.0;6
38500;;;AMETHYSTS;SEASHELLS;10002.0;1
38600;;;AMETHYSTS;SEASHELLS;9998.0;1
38600;;;STARFRUIT;SEASHELLS;4993.0;1
38800;;;AMETHYSTS;SEASHELLS;9998.0;8
38800;;;STARFRUIT;SEASHELLS;4993.0;2
39200;;;STARFRUIT;SEASHELLS;4995.0;15
39200;;;STARFRUIT;SEASHELLS;4997.0;1
39200;;;AMETHYSTS;SEASHELLS;9998.0;1
39400;;;STARFRUIT;SEASHELLS;4996.0;1
39400;;;STARFRUIT;SEASHELLS;4996.0;4
39400;;;AMETHYSTS;SEASHELLS;10000.0;1
39500;;;AMETHYSTS;SEASHELLS;9998.0;1
39600;;;STARFRUIT;SEASHELLS;4997.0;1
40300;;;AMETHYSTS;SEASHELLS;9998.0;1
40500;;;STARFRUIT;SEASHELLS;4993.0;1
40500;;;AMETHYSTS;SEASHELLS;10002.0;1
40900;;;STARFRUIT;SEASHELLS;4995.0;11
40900;;;STARFRUIT;SEASHELLS;4995.0;1
40900;;;AMETHYSTS;SEASHELLS;9998.0;1
40900;;;AMETHYSTS;SEASHELLS;10000.0;11
41000;;;STARFRUIT;SEASHELLS;4992.0;1
41100;;;STARFRUIT;SEASHELLS;4991.0;1
41100;;;STARFRUIT;SEASHELLS;4992.0;2
41200;;;STARFRUIT;SEASHELLS;4994.0;7
41400;;;STARFRUIT;SEASHELLS;4993.0;4
41500;;;STARFRUIT;SEASHELLS;4994.0;6
41500;;;STARFRUIT;SEASHELLS;4995.0;5
41700;;;STARFRUIT;SEASHELLS;4990.0;1
41700;;;AMETHYSTS;SEASHELLS;10000.0;5
41900;;;AMETHYSTS;SEASHELLS;9998.0;4
41900;;;STARFRUIT;SEASHELLS;4996.0;1
42000;;;STARFRUIT;SEASHELLS;4995.0;5
42000;;;STARFRUIT;SEASHELLS;4990.0;1
42000;;;STARFRUIT;SEASHELLS;4995.0;5
42200;;;AMETHYSTS;SEASHELLS;10002.0;1
42300;;;STARFRUIT;SEASHELLS;4991.0;6
42300;;;STARFRUIT;SEASHELLS;4991.0;1
42400;;;STARFRUIT;SEASHELLS;4990.0;1
42500;;;STARFRUIT;SEASHELLS;4991.0;1
42500;;;AMETHYSTS;SEASHELLS;10000.0;1
42500;;;AMETHYSTS;SEASHELLS;10000.0;5
42600;;;STARFRUIT;SEASHELLS;4991.0;1
42600;;;AMETHYSTS;SEASHELLS;9999.0;2
42600;;;STARFRUIT;SEASHELLS;4991.0;1
42900;;;STARFRUIT;SEASHELLS;4993.0;2
42900;;;AMETHYSTS;SEASHELLS;10001.0;2
43400;;;STARFRUIT;SEASHELLS;4994.0;4
43500;;;STARFRUIT;SEASHELLS;4990.0;1
43900;;;AMETHYSTS;SEASHELLS;10002.0;4
44100;;;AMETHYSTS;SEASHELLS;9998.0;1
44200;;;STARFRUIT;SEASHELLS;4994.0;9
44300;;;STARFRUIT;SEASHELLS;4994.0;7
44400;;;STARFRUIT;SEASHELLS;4994.0;5
44500;;;STARFRUIT;SEASHELLS;4995.0;1
44800;;;AMETHYSTS;SEASHELLS;9998.0;1
45000;;;AMETHYSTS;SEASHELLS;10002.0;1
45000;;;STARFRUIT;SEASHELLS;4992.0;20
45400;;;STARFRUIT;SEASHELLS;4988.0;1
45400;;;AMETHYSTS;SEASHELLS;9998.0;1
45500;;;STARFRUIT;SEASHELLS;4991.0;3
45500;;;STARFRUIT;SEASHELLS;4990.0;3
45700;;;STARFRUIT;SEASHELLS;4990.0;2
45800;;;STARFRUIT;SEASHELLS;4986.0;1
45900;;;STARFRUIT;SEASHELLS;4991.0;2
45900;;;AMETHYSTS;SEASHELLS;10001.0;2
46600;;;AMETHYSTS;SEASHELLS;9999.0;2
46600;;;STARFRUIT;SEASHELLS;4989.0;2
46900;;;STARFRUIT;SEASHELLS;4992.0;1
47100;;;STARFRUIT;SEASHELLS;4988.0;3
47100;;;STARFRUIT;SEASHELLS;4988.0;1
47100;;;AMETHYSTS;SEASHELLS;9998.0;1
47200;;;AMETHYSTS;SEASHELLS;10002.0;1
47300;;;AMETHYSTS;SEASHELLS;10002.0;1
47500;;;AMETHYSTS;SEASHELLS;10002.0;4
47900;;;AMETHYSTS;SEASHELLS;10002.0;1
48100;;;AMETHYSTS;SEASHELLS;9999.0;2
48100;;;STARFRUIT;SEASHELLS;4989.0;1
48300;;;AMETHYSTS;SEASHELLS;9998.0;1
48500;;;AMETHYSTS;SEASHELLS;9998.0;1
48600;;;STARFRUIT;SEASHELLS;4989.0;1
48600;;;AMETHYSTS;SEASHELLS;9998.0;1
48600;;;STARFRUIT;SEASHELLS;4990.0;1
49000;;;STARFRUIT;SEASHELLS;4988.0;1
49100;;;STARFRUIT;SEASHELLS;4991.0;11
49200;;;STARFRUIT;SEASHELLS;4992.0;8
49300;;;STARFRUIT;SEASHELLS;4988.0;1
49400;;;STARFRUIT;SEASHELLS;4992.0;8
49400;;;STARFRUIT;SEASHELLS;4992.0;1
49400;;;STARFRUIT;SEASHELLS;4992.0;5
49400;;;STARFRUIT;SEASHELLS;4992.0;0
49500;;;STARFRUIT;SEASHELLS;4992.0;6
49600;;;STARFRUIT;SEASHELLS;4992.0;1
49700;;;STARFRUIT;SEASHELLS;4991.0;19
49800;;;STARFRUIT;SEASHELLS;4988.0;5
49800;;;STARFRUIT;SEASHELLS;4991.0;3
49900;;;AMETHYSTS;SEASHELLS;10000.0;2
49900;;;AMETHYSTS;SEASHELLS;9998.0;6
49900;;;STARFRUIT;SEASHELLS;4993.0;2
50000;;;STARFRUIT;SEASHELLS;4991.0;2
50300;;;STARFRUIT;SEASHELLS;4990.0;1
50400;;;STARFRUIT;SEASHELLS;4988.0;1
50400;;;AMETHYSTS;SEASHELLS;9998.0;1
50600;;;STARFRUIT;SEASHELLS;4985.0;1
50600;;;AMETHYSTS;SEASHELLS;9999.0;1
50600;;;STARFRUIT;SEASHELLS;4986.0;8
50600;;;AMETHYSTS;SEASHELLS;10002.0;1
50800;;;STARFRUIT;SEASHELLS;4991.0;1
50800;;;AMETHYSTS;SEASHELLS;10002.0;3
51300;;;STARFRUIT;SEASHELLS;4988.0;1
51300;;;STARFRUIT;SEASHELLS;4988.0;12
51500;;;STARFRUIT;SEASHELLS;4991.0;1
51600;;;AMETHYSTS;SEASHELLS;10002.0;1
51600;;;STARFRUIT;SEASHELLS;4990.0;2
51700;;;STARFRUIT;SEASHELLS;4986.0;2
51700;;;STARFRUIT;SEASHELLS;4986.0;2
51700;;;AMETHYSTS;SEASHELLS;9999.0;11
51900;;;STARFRUIT;SEASHELLS;4990.0;4
51900;;;AMETHYSTS;SEASHELLS;9998.0;5
52100;;;AMETHYSTS;SEASHELLS;9998.0;8
52100;;;STARFRUIT;SEASHELLS;4989.0;4
52300;;;STARFRUIT;SEASHELLS;4990.0;1
52300;;;AMETHYSTS;SEASHELLS;10002.0;1
52500;;;STARFRUIT;SEASHELLS;4990.0;1
52500;;;AMETHYSTS;SEASHELLS;9998.0;1
52600;;;STARFRUIT;SEASHELLS;4988.0;2
52600;;;STARFRUIT;SEASHELLS;4988.0;2
52700;;;STARFRUIT;SEASHELLS;4985.0;1
52900;;;AMETHYSTS;SEASHELLS;10000.0;6
53000;;;AMETHYSTS;SEASHELLS;10002.0;1
53200;;;STARFRUIT;SEASHELLS;4990.0;1
53600;;;AMETHYSTS;SEASHELLS;9998.0;9
53800;;;AMETHYSTS;SEASHELLS;10002.0;3
53900;;;STARFRUIT;SEASHELLS;4989.0;2
53900;;;AMETHYSTS;SEASHELLS;10000.0;2
54100;;;AMETHYSTS;SEASHELLS;9998.0;1
54100;;;STARFRUIT;SEASHELLS;4988.0;1
54300;;;AMETHYSTS;SEASHELLS;10000.0;3
54300;;;STARFRUIT;SEASHELLS;4991.0;1
54300;;;AMETHYSTS;SEASHELLS;9998.0;1
54300;;;STARFRUIT;SEASHELLS;4988.0;1
54600;;;AMETHYSTS;SEASHELLS;10002.0;3
54700;;;STARFRUIT;SEASHELLS;4986.0;2
54700;;;STARFRUIT;SEASHELLS;4986.0;2
55000;;;STARFRUIT;SEASHELLS;4984.0;1
55100;;;STARFRUIT;SEASHELLS;4989.0;2
55100;;;AMETHYSTS;SEASHELLS;10000.0;2
55200;;;STARFRUIT;SEASHELLS;4985.0;2
55200;;;STARFRUIT;SEASHELLS;4985.0;3
55300;;;AMETHYSTS;SEASHELLS;9998.0;1
55500;;;STARFRUIT;SEASHELLS;4990.0;1
55700;;;STARFRUIT;SEASHELLS;4987.0;1
55700;;;AMETHYSTS;SEASHELLS;9998.0;1
56000;;;STARFRUIT;SEASHELLS;4985.0;1
56300;;;AMETHYSTS;SEASHELLS;10002.0;1
56700;;;STARFRUIT;SEASHELLS;4987.0;2
56800;;;AMETHYSTS;SEASHELLS;10002.0;1
57200;;;STARFRUIT;SEASHELLS;4989.0;1
57200;;;AMETHYSTS;SEASHELLS;10002.0;2
57300;;;STARFRUIT;SEASHELLS;4987.0;1
57500;;;STARFRUIT;SEASHELLS;4989.0;5
57800;;;AMETHYSTS;SEASHELLS;9998.0;1
57900;;;AMETHYSTS;SEASHELLS;9998.0;1
57900;;;STARFRUIT;SEASHELLS;4987.0;2
57900;;;STARFRUIT;SEASHELLS;4987.0;4
57900;;;AMETHYSTS;SEASHELLS;10000.0;2
58000;;;AMETHYSTS;SEASHELLS;9998.0;4
58000;;;STARFRUIT;SEASHELLS;4989.0;1
58000;;;STARFRUIT;SEASHELLS;4987.0;1
58000;;;STARFRUIT;SEASHELLS;4989.0;11
58100;;;STARFRUIT;SEASHELLS;4988.0;7
58100;;;AMETHYSTS;SEASHELLS;10000.0;3
58300;;;STARFRUIT;SEASHELLS;4988.0;3
58400;;;STARFRUIT;SEASHELLS;4987.0;1
58600;;;AMETHYSTS;SEASHELLS;10002.0;1
58800;;;AMETHYSTS;SEASHELLS;9998.0;12
59100;;;STARFRUIT;SEASHELLS;4989.0;1
59100;;;AMETHYSTS;SEASHELLS;10000.0;1
59300;;;STARFRUIT;SEASHELLS;4983.0;1
59500;;;AMETHYSTS;SEASHELLS;10002.0;5
60000;;;AMETHYSTS;SEASHELLS;10000.0;1
60000;;;AMETHYSTS;SEASHELLS;9998.0;2
60000;;;STARFRUIT;SEASHELLS;4987.0;1
60200;;;AMETHYSTS;SEASHELLS;9998.0;8
60200;;;STARFRUIT;SEASHELLS;4987.0;1
60200;;;STARFRUIT;SEASHELLS;4987.0;3
60200;;;STARFRUIT;SEASHELLS;4986.0;2
60400;;;AMETHYSTS;SEASHELLS;9998.0;1
60700;;;STARFRUIT;SEASHELLS;4988.0;1
60800;;;AMETHYSTS;SEASHELLS;10002.0;10
60800;;;STARFRUIT;SEASHELLS;4983.0;1
61200;;;STARFRUIT;SEASHELLS;4986.0;2
61700;;;STARFRUIT;SEASHELLS;4982.0;1
61900;;;AMETHYSTS;SEASHELLS;10000.0;2
61900;;;AMETHYSTS;SEASHELLS;9998.0;1
61900;;;STARFRUIT;SEASHELLS;4986.0;2
62000;;;STARFRUIT;SEASHELLS;4987.0;1
62200;;;STARFRUIT;SEASHELLS;4985.0;2
62200;;;AMETHYSTS;SEASHELLS;10002.0;4
62300;;;AMETHYSTS;SEASHELLS;10000.0;2
62600;;;STARFRUIT;SEASHELLS;4986.0;11
62700;;;STARFRUIT;SEASHELLS;4987.0;8
62800;;;STARFRUIT;SEASHELLS;4984.0;1
62900;;;AMETHYSTS;SEASHELLS;9998.0;4
63000;;;STARFRUIT;SEASHELLS;4989.0;1
63100;;;STARFRUIT;SEASHELLS;4984.0;1
63400;;;STARFRUIT;SEASHELLS;4988.0;5
63400;;;STARFRUIT;SEASHELLS;4988.0;3
63600;;;STARFRUIT;SEASHELLS;4988.0;1
63700;;;STARFRUIT;SEASHELLS;4986.0;13
63800;;;STARFRUIT;SEASHELLS;4983.0;1
63900;;;AMETHYSTS;SEASHELLS;9998.0;12
63900;;;STARFRUIT;SEASHELLS;4986.0;7
64000;;;AMETHYSTS;SEASHELLS;9998.0;1
64000;;;STARFRUIT;SEASHELLS;4985.0;1
64200;;;AMETHYSTS;SEASHELLS;9998.0;3
64400;;;AMETHYSTS;SEASHELLS;9998.0;4
64500;;;AMETHYSTS;SEASHELLS;9998.0;1
65000;;;AMETHYSTS;SEASHELLS;9998.0;1
65100;;;AMETHYSTS;SEASHELLS;9998.0;3
65200;;;STARFRUIT;SEASHELLS;4988.0;1
65300;;;AMETHYSTS;SEASHELLS;9999.0;2
65400;;;STARFRUIT;SEASHELLS;4986.0;3
65700;;;STARFRUIT;SEASHELLS;4986.0;2
66000;;;AMETHYSTS;SEASHELLS;9998.0;1
66100;;;AMETHYSTS;SEASHELLS;9998.0;1
66200;;;AMETHYSTS;SEASHELLS;10000.0;5
66200;;;AMETHYSTS;SEASHELLS;10002.0;1
66300;;;STARFRUIT;SEASHELLS;4988.0;1
66400;;;AMETHYSTS;SEASHELLS;9998.0;3
66900;;;STARFRUIT;SEASHELLS;4989.0;1
67100;;;STARFRUIT;SEASHELLS;4988.0;9
67200;;;STARFRUIT;SEASHELLS;4984.0;1
67300;;;AMETHYSTS;SEASHELLS;9998.0;3
67300;;;AMETHYSTS;SEASHELLS;9998.0;5
67500;;;STARFRUIT;SEASHELLS;4983.0;1
67600;;;STARFRUIT;SEASHELLS;4987.0;8
68000;;;STARFRUIT;SEASHELLS;4985.0;6
68100;;;AMETHYSTS;SEASHELLS;9998.0;2
68100;;;STARFRUIT;SEASHELLS;4987.0;7
68200;;;STARFRUIT;SEASHELLS;4989.0;1
68300;;;STARFRUIT;SEASHELLS;4989.0;1
68600;;;STARFRUIT;SEASHELLS;4987.0;4
68600;;;STARFRUIT;SEASHELLS;4984.0;1
68800;;;AMETHYSTS;SEASHELLS;9998.0;1
68900;;;STARFRUIT;SEASHELLS;4987.0;2
68900;;;STARFRUIT;SEASHELLS;4990.0;1
69100;;;STARFRUIT;SEASHELLS;4990.0;1
69100;;;STARFRUIT;SEASHELLS;4986.0;8
69200;;;STARFRUIT;SEASHELLS;4989.0;2
69200;;;STARFRUIT;SEASHELLS;4990.0;1
69200;;;STARFRUIT;SEASHELLS;4987.0;2
69300;;;AMETHYSTS;SEASHELLS;9998.0;1
69300;;;STARFRUIT;SEASHELLS;4990.0;1
69300;;;STARFRUIT;SEASHELLS;4987.0;1
69400;;;AMETHYSTS;SEASHELLS;10002.0;1
69500;;;STARFRUIT;SEASHELLS;4988.0;1
69600;;;STARFRUIT;SEASHELLS;4985.0;1
69700;;;STARFRUIT;SEASHELLS;4986.0;2
69700;;;AMETHYSTS;SEASHELLS;9998.0;2
69700;;;AMETHYSTS;SEASHELLS;10002.0;1
70100;;;STARFRUIT;SEASHELLS;4985.0;1
70200;;;STARFRUIT;SEASHELLS;4987.0;1
70300;;;AMETHYSTS;SEASHELLS;9998.0;2
70600;;;STARFRUIT;SEASHELLS;4986.0;2
70600;;;AMETHYSTS;SEASHELLS;9997.0;2
70800;;;STARFRUIT;SEASHELLS;4984.0;1
70800;;;AMETHYSTS;SEASHELLS;10002.0;1
71200;;;AMETHYSTS;SEASHELLS;10002.0;1
71200;;;STARFRUIT;SEASHELLS;4983.0;1
71500;;;AMETHYSTS;SEASHELLS;10002.0;3
71500;;;AMETHYSTS;SEASHELLS;10002.0;1
71600;;;AMETHYSTS;SEASHELLS;9998.0;2
71600;;;AMETHYSTS;SEASHELLS;9998.0;1
71700;;;STARFRUIT;SEASHELLS;4986.0;1
71700;;;STARFRUIT;SEASHELLS;4984.0;8
71800;;;AMETHYSTS;SEASHELLS;10002.0;1
71900;;;STARFRUIT;SEASHELLS;4986.0;1
71900;;;AMETHYSTS;SEASHELLS;10002.0;1
72000;;;STARFRUIT;SEASHELLS;4989.0;1
72200;;;STARFRUIT;SEASHELLS;4988.0;1
72200;;;STARFRUIT;SEASHELLS;4988.0;2
72400;;;AMETHYSTS;SEASHELLS;10002.0;1
72500;;;AMETHYSTS;SEASHELLS;10000.0;1
72500;;;STARFRUIT;SEASHELLS;4988.0;1
72600;;;STARFRUIT;SEASHELLS;4986.0;4
72900;;;STARFRUIT;SEASHELLS;4991.0;1
72900;;;AMETHYSTS;SEASHELLS;10000.0;1
73000;;;AMETHYSTS;SEASHELLS;10002.0;1
73000;;;STARFRUIT;SEASHELLS;4984.0;1
73100;;;AMETHYSTS;SEASHELLS;10002.0;1
73400;;;AMETHYSTS;SEASHELLS;9998.0;1
73900;;;STARFRUIT;SEASHELLS;4983.0;5
73900;;;STARFRUIT;SEASHELLS;4983.0;3
74000;;;AMETHYSTS;SEASHELLS;10002.0;1
74100;;;AMETHYSTS;SEASHELLS;10000.0;6
74300;;;STARFRUIT;SEASHELLS;4982.0;1
74500;;;AMETHYSTS;SEASHELLS;10000.0;3
74600;;;AMETHYSTS;SEASHELLS;10002.0;1
74900;;;STARFRUIT;SEASHELLS;4985.0;1
74900;;;AMETHYSTS;SEASHELLS;10002.0;1
75000;;;AMETHYSTS;SEASHELLS;9998.0;1
75000;;;AMETHYSTS;SEASHELLS;9998.0;9
75000;;;STARFRUIT;SEASHELLS;4987.0;1
75100;;;STARFRUIT;SEASHELLS;4985.0;11
75200;;;STARFRUIT;SEASHELLS;4986.0;3
75500;;;STARFRUIT;SEASHELLS;4984.0;2
75500;;;AMETHYSTS;SEASHELLS;9998.0;2
75600;;;AMETHYSTS;SEASHELLS;10002.0;1
75600;;;STARFRUIT;SEASHELLS;4986.0;8
75900;;;STARFRUIT;SEASHELLS;4984.0;6
76100;;;AMETHYSTS;SEASHELLS;9998.0;1
76100;;;STARFRUIT;SEASHELLS;4986.0;6
76200;;;STARFRUIT;SEASHELLS;4986.0;3
76200;;;STARFRUIT;SEASHELLS;4984.0;1
76200;;;STARFRUIT;SEASHELLS;4984.0;13
76400;;;STARFRUIT;SEASHELLS;4986.0;4
76900;;;STARFRUIT;SEASHELLS;4984.0;4
76900;;;STARFRUIT;SEASHELLS;4984.0;5
77000;;;AMETHYSTS;SEASHELLS;10000.0;2
77000;;;STARFRUIT;SEASHELLS;4985.0;2
77100;;;AMETHYSTS;SEASHELLS;10000.0;3
77100;;;STARFRUIT;SEASHELLS;4987.0;2
77100;;;STARFRUIT;SEASHELLS;4986.0;2
77200;;;STARFRUIT;SEASHELLS;4984.0;9
77200;;;STARFRUIT;SEASHELLS;4984.0;1
77200;;;STARFRUIT;SEASHELLS;4989.0;1
77300;;;STARFRUIT;SEASHELLS;4986.0;12
77600;;;STARFRUIT;SEASHELLS;4984.0;2
77600;;;STARFRUIT;SEASHELLS;4984.0;3
77600;;;STARFRUIT;SEASHELLS;4984.0;5
77900;;;STARFRUIT;SEASHELLS;4985.0;3
77900;;;AMETHYSTS;SEASHELLS;10002.0;3
78000;;;STARFRUIT;SEASHELLS;4985.0;2
78000;;;AMETHYSTS;SEASHELLS;9998.0;11
78100;;;AMETHYSTS;SEASHELLS;10002.0;1
78100;;;STARFRUIT;SEASHELLS;4985.0;3
78100;;;STARFRUIT;SEASHELLS;4984.0;1
78100;;;STARFRUIT;SEASHELLS;4985.0;2
78200;;;STARFRUIT;SEASHELLS;4985.0;1
78500;;;STARFRUIT;SEASHELLS;4986.0;1
78500;;;AMETHYSTS;SEASHELLS;9999.0;11
78700;;;STARFRUIT;SEASHELLS;4984.0;2
78700;;;AMETHYSTS;SEASHELLS;9998.0;1
78800;;;AMETHYSTS;SEASHELLS;10002.0;1
78800;;;STARFRUIT;SEASHELLS;4985.0;1
78900;;;AMETHYSTS;SEASHELLS;10002.0;1
78900;;;STARFRUIT;SEASHELLS;4988.0;1
79000;;;STARFRUIT;SEASHELLS;4984.0;3
79100;;;STARFRUIT;SEASHELLS;4983.0;1
79200;;;AMETHYSTS;SEASHELLS;9998.0;3
79200;;;STARFRUIT;SEASHELLS;4985.0;5
79200;;;STARFRUIT;SEASHELLS;4985.0;1
79400;;;STARFRUIT;SEASHELLS;4982.0;1
79400;;;STARFRUIT;SEASHELLS;4984.0;1
79600;;;STARFRUIT;SEASHELLS;4983.0;13
79700;;;STARFRUIT;SEASHELLS;4984.0;4
79800;;;AMETHYSTS;SEASHELLS;10002.0;1
79900;;;STARFRUIT;SEASHELLS;4984.0;3
79900;;;AMETHYSTS;SEASHELLS;9998.0;3
79900;;;STARFRUIT;SEASHELLS;4981.0;1
80100;;;STARFRUIT;SEASHELLS;4985.0;2
80500;;;STARFRUIT;SEASHELLS;4984.0;6
80500;;;STARFRUIT;SEASHELLS;4984.0;2
80600;;;STARFRUIT;SEASHELLS;4985.0;2
80600;;;STARFRUIT;SEASHELLS;4985.0;2
80800;;;STARFRUIT;SEASHELLS;4986.0;1
80900;;;STARFRUIT;SEASHELLS;4982.0;1
81100;;;STARFRUIT;SEASHELLS;4986.0;1
81200;;;STARFRUIT;SEASHELLS;4986.0;1
81400;;;AMETHYSTS;SEASHELLS;10000.0;12
81800;;;AMETHYSTS;SEASHELLS;10002.0;1
81900;;;AMETHYSTS;SEASHELLS;9998.0;1
82200;;;AMETHYSTS;SEASHELLS;10002.0;1
82500;;;STARFRUIT;SEASHELLS;4981.0;1
82600;;;STARFRUIT;SEASHELLS;4982.0;3
82600;;;STARFRUIT;SEASHELLS;4982.0;1
82700;;;STARFRUIT;SEASHELLS;4983.0;1
82800;;;STARFRUIT;SEASHELLS;4987.0;1
82800;;;AMETHYSTS;SEASHELLS;10000.0;1
82900;;;AMETHYSTS;SEASHELLS;9998.0;1
83100;;;STARFRUIT;SEASHELLS;4983.0;3
83100;;;STARFRUIT;SEASHELLS;4983.0;1
83100;;;AMETHYSTS;SEASHELLS;9998.0;1
83400;;;STARFRUIT;SEASHELLS;4985.0;1
83700;;;STARFRUIT;SEASHELLS;4982.0;1
84000;;;AMETHYSTS;SEASHELLS;9998.0;1
84100;;;AMETHYSTS;SEASHELLS;9998.0;9
84200;;;STARFRUIT;SEASHELLS;4982.0;1
84200;;;AMETHYSTS;SEASHELLS;9998.0;3
84300;;;AMETHYSTS;SEASHELLS;10000.0;7
84500;;;STARFRUIT;SEASHELLS;4983.0;1
84600;;;AMETHYSTS;SEASHELLS;9998.0;1
85000;;;AMETHYSTS;SEASHELLS;9998.0;1
85100;;;STARFRUIT;SEASHELLS;4982.0;13
85100;;;STARFRUIT;SEASHELLS;4989.0;14
85200;;;STARFRUIT;SEASHELLS;4985.0;1
85600;;;STARFRUIT;SEASHELLS;4987.0;4
85700;;;AMETHYSTS;SEASHELLS;10002.0;3
85800;;;STARFRUIT;SEASHELLS;4983.0;1
85900;;;AMETHYSTS;SEASHELLS;9998.0;1
86000;;;AMETHYSTS;SEASHELLS;10000.0;5
86100;;;AMETHYSTS;SEASHELLS;10002.0;1
86200;;;STARFRUIT;SEASHELLS;4984.0;3
86700;;;AMETHYSTS;SEASHELLS;10000.0;1
86700;;;AMETHYSTS;SEASHELLS;9998.0;1
86700;;;STARFRUIT;SEASHELLS;4983.0;1
86800;;;AMETHYSTS;SEASHELLS;10002.0;5
87200;;;AMETHYSTS;SEASHELLS;9998.0;8
87400;;;STARFRUIT;SEASHELLS;4983.0;1
87700;;;STARFRUIT;SEASHELLS;4982.0;1
87900;;;STARFRUIT;SEASHELLS;4989.0;1
87900;;;AMETHYSTS;SEASHELLS;10000.0;1
88000;;;AMETHYSTS;SEASHELLS;9998.0;2
88000;;;STARFRUIT;SEASHELLS;4983.0;2
88100;;;STARFRUIT;SEASHELLS;4991.0;8
88100;;;AMETHYSTS;SEASHELLS;9998.0;1
88200;;;AMETHYSTS;SEASHELLS;10002.0;5
88300;;;STARFRUIT;SEASHELLS;4985.0;1
88500;;;STARFRUIT;SEASHELLS;4991.0;1
88500;;;AMETHYSTS;SEASHELLS;10002.0;9
88900;;;STARFRUIT;SEASHELLS;4984.0;1
89100;;;AMETHYSTS;SEASHELLS;9998.0;1
89100;;;STARFRUIT;SEASHELLS;4984.0;1
89200;;;AMETHYSTS;SEASHELLS;10002.0;1
89600;;;AMETHYSTS;SEASHELLS;9998.0;2
89600;;;STARFRUIT;SEASHELLS;4989.0;6
89600;;;STARFRUIT;SEASHELLS;4989.0;2
89800;;;STARFRUIT;SEASHELLS;4984.0;1
89900;;;STARFRUIT;SEASHELLS;4984.0;2
89900;;;AMETHYSTS;SEASHELLS;9998.0;2
90000;;;AMETHYSTS;SEASHELLS;9998.0;1
90100;;;AMETHYSTS;SEASHELLS;10002.0;3
90300;;;AMETHYSTS;SEASHELLS;9998.0;1
90700;;;AMETHYSTS;SEASHELLS;10002.0;1
90900;;;STARFRUIT;SEASHELLS;4990.0;1
91000;;;STARFRUIT;SEASHELLS;4990.0;1
91100;;;STARFRUIT;SEASHELLS;4985.0;1
91100;;;AMETHYSTS;SEASHELLS;9998.0;1
91200;;;AMETHYSTS;SEASHELLS;9998.0;1
91200;;;STARFRUIT;SEASHELLS;4985.0;1
91500;;;STARFRUIT;SEASHELLS;4986.0;15
91600;;;AMETHYSTS;SEASHELLS;10000.0;2
91700;;;AMETHYSTS;SEASHELLS;9998.0;1
91700;;;STARFRUIT;SEASHELLS;4991.0;1
91700;;;STARFRUIT;SEASHELLS;4990.0;4
91900;;;AMETHYSTS;SEASHELLS;10000.0;3
92100;;;AMETHYSTS;SEASHELLS;9998.0;1
92200;;;STARFRUIT;SEASHELLS;4987.0;7
92200;;;STARFRUIT;SEASHELLS;4987.0;1
92200;;;STARFRUIT;SEASHELLS;4986.0;2
92200;;;AMETHYSTS;SEASHELLS;9998.0;2
92300;;;STARFRUIT;SEASHELLS;4993.0;12
92300;;;AMETHYSTS;SEASHELLS;9998.0;1
92700;;;AMETHYSTS;SEASHELLS;9998.0;1
92700;;;AMETHYSTS;SEASHELLS;10002.0;2
92700;;;STARFRUIT;SEASHELLS;4986.0;1
92700;;;AMETHYSTS;SEASHELLS;10002.0;1
92700;;;STARFRUIT;SEASHELLS;4987.0;1
92900;;;STARFRUIT;SEASHELLS;4986.0;1
92900;;;AMETHYSTS;SEASHELLS;9998.0;1
93100;;;STARFRUIT;SEASHELLS;4990.0;3
93200;;;STARFRUIT;SEASHELLS;4990.0;1
93200;;;AMETHYSTS;SEASHELLS;9998.0;1
93300;;;STARFRUIT;SEASHELLS;4990.0;1
93400;;;AMETHYSTS;SEASHELLS;10000.0;7
93400;;;AMETHYSTS;SEASHELLS;9998.0;3
93500;;;AMETHYSTS;SEASHELLS;10000.0;2
93600;;;AMETHYSTS;SEASHELLS;10000.0;1
93600;;;STARFRUIT;SEASHELLS;4993.0;1
93700;;;AMETHYSTS;SEASHELLS;10002.0;1
93800;;;AMETHYSTS;SEASHELLS;9998.0;1
94000;;;AMETHYSTS;SEASHELLS;10002.0;4
94200;;;AMETHYSTS;SEASHELLS;10002.0;1
94300;;;AMETHYSTS;SEASHELLS;10002.0;1
94400;;;STARFRUIT;SEASHELLS;4992.0;1
94400;;;AMETHYSTS;SEASHELLS;10005.0;1
94600;;;AMETHYSTS;SEASHELLS;9998.0;1
94900;;;AMETHYSTS;SEASHELLS;9998.0;1
94900;;;STARFRUIT;SEASHELLS;4993.0;6
95000;;;AMETHYSTS;SEASHELLS;10001.0;1
95000;;;AMETHYSTS;SEASHELLS;10004.0;1
95000;;;STARFRUIT;SEASHELLS;4992.0;1
95600;;;STARFRUIT;SEASHELLS;4986.0;1
95700;;;AMETHYSTS;SEASHELLS;10002.0;1
95800;;;AMETHYSTS;SEASHELLS;10005.0;7
96000;;;STARFRUIT;SEASHELLS;4986.0;1
96000;;;AMETHYSTS;SEASHELLS;9999.0;2
96200;;;AMETHYSTS;SEASHELLS;9998.0;5
96200;;;STARFRUIT;SEASHELLS;4986.0;1
96300;;;STARFRUIT;SEASHELLS;4987.0;1
96800;;;AMETHYSTS;SEASHELLS;10002.0;3
96900;;;STARFRUIT;SEASHELLS;4986.0;1
97100;;;AMETHYSTS;SEASHELLS;9998.0;1
97100;;;STARFRUIT;SEASHELLS;4985.0;1
97200;;;STARFRUIT;SEASHELLS;4989.0;3
97200;;;STARFRUIT;SEASHELLS;4986.0;10
97600;;;AMETHYSTS;SEASHELLS;10000.0;5
97700;;;STARFRUIT;SEASHELLS;4993.0;1
97900;;;STARFRUIT;SEASHELLS;4988.0;1
98100;;;AMETHYSTS;SEASHELLS;9998.0;1
98400;;;STARFRUIT;SEASHELLS;4992.0;7
98800;;;STARFRUIT;SEASHELLS;4993.0;1
98800;;;AMETHYSTS;SEASHELLS;10002.0;1
98900;;;STARFRUIT;SEASHELLS;4994.0;15
99000;;;STARFRUIT;SEASHELLS;4988.0;1
99400;;;AMETHYSTS;SEASHELLS;10005.0;2
99400;;;STARFRUIT;SEASHELLS;4995.0;2
99800;;;STARFRUIT;SEASHELLS;4994.0;3
99800;;;STARFRUIT;SEASHELLS;4994.0;1
99900;;;STARFRUIT;SEASHELLS;4987.0;1
100000;;;STARFRUIT;SEASHELLS;4992.0;1
100000;;;AMETHYSTS;SEASHELLS;10004.0;1
100200;;;AMETHYSTS;SEASHELLS;9998.0;1
100500;;;AMETHYSTS;SEASHELLS;9999.0;8
100700;;;AMETHYSTS;SEASHELLS;10002.0;1
101200;;;STARFRUIT;SEASHELLS;4993.0;15
101200;;;STARFRUIT;SEASHELLS;4987.0;1
101200;;;STARFRUIT;SEASHELLS;4993.0;2
101200;;;AMETHYSTS;SEASHELLS;10000.0;2
101300;;;AMETHYSTS;SEASHELLS;9998.0;2
101500;;;STARFRUIT;SEASHELLS;4993.0;2
101500;;;AMETHYSTS;SEASHELLS;9998.0;3
101500;;;AMETHYSTS;SEASHELLS;10000.0;2
101500;;;AMETHYSTS;SEASHELLS;10000.0;3
101500;;;STARFRUIT;SEASHELLS;4987.0;1
101600;;;STARFRUIT;SEASHELLS;4987.0;1
101600;;;STARFRUIT;SEASHELLS;4988.0;1
101600;;;STARFRUIT;SEASHELLS;4988.0;5
102000;;;AMETHYSTS;SEASHELLS;10002.0;1
102200;;;STARFRUIT;SEASHELLS;4989.0;2
102200;;;AMETHYSTS;SEASHELLS;10001.0;1
102200;;;STARFRUIT;SEASHELLS;4990.0;1
102300;;;AMETHYSTS;SEASHELLS;9998.0;4
102600;;;STARFRUIT;SEASHELLS;4986.0;2
102600;;;AMETHYSTS;SEASHELLS;9998.0;1
102600;;;AMETHYSTS;SEASHELLS;9998.0;2
102700;;;AMETHYSTS;SEASHELLS;10005.0;6
103100;;;STARFRUIT;SEASHELLS;4989.0;1
103400;;;AMETHYSTS;SEASHELLS;10002.0;1
103400;;;STARFRUIT;SEASHELLS;4984.0;1
104000;;;STARFRUIT;SEASHELLS;4989.0;1
104200;;;STARFRUIT;SEASHELLS;4984.0;1
104300;;;STARFRUIT;SEASHELLS;4984.0;1
104700;;;AMETHYSTS;SEASHELLS;10002.0;1
104900;;;AMETHYSTS;SEASHELLS;10004.0;1
104900;;;STARFRUIT;SEASHELLS;4990.0;1
105200;;;STARFRUIT;SEASHELLS;4990.0;7
105200;;;STARFRUIT;SEASHELLS;4986.0;1
105400;;;AMETHYSTS;SEASHELLS;10002.0;1
105700;;;STARFRUIT;SEASHELLS;4991.0;1
106000;;;STARFRUIT;SEASHELLS;4986.0;4
106100;;;AMETHYSTS;SEASHELLS;9999.0;7
106200;;;STARFRUIT;SEASHELLS;4988.0;3
106300;;;STARFRUIT;SEASHELLS;4986.0;8
106300;;;AMETHYSTS;SEASHELLS;9998.0;1
106300;;;STARFRUIT;SEASHELLS;4984.0;1
106300;;;AMETHYSTS;SEASHELLS;9998.0;2
106500;;;AMETHYSTS;SEASHELLS;10000.0;9
106600;;;AMETHYSTS;SEASHELLS;9998.0;3
106600;;;AMETHYSTS;SEASHELLS;9998.0;1
106600;;;AMETHYSTS;SEASHELLS;9998.0;2
106700;;;AMETHYSTS;SEASHELLS;9998.0;1
106800;;;AMETHYSTS;SEASHELLS;10002.0;1
107000;;;STARFRUIT;SEASHELLS;4984.0;2
107100;;;AMETHYSTS;SEASHELLS;9998.0;1
107200;;;STARFRUIT;SEASHELLS;4986.0;3
107400;;;STARFRUIT;SEASHELLS;4984.0;1
107400;;;AMETHYSTS;SEASHELLS;9998.0;1
107400;;;STARFRUIT;SEASHELLS;4986.0;2
107500;;;STARFRUIT;SEASHELLS;4986.0;2
107600;;;STARFRUIT;SEASHELLS;4989.0;1
108000;;;AMETHYSTS;SEASHELLS;9998.0;11
108100;;;STARFRUIT;SEASHELLS;4986.0;11
108100;;;AMETHYSTS;SEASHELLS;9998.0;1
108300;;;STARFRUIT;SEASHELLS;4986.0;7
108400;;;STARFRUIT;SEASHELLS;4986.0;5
108400;;;STARFRUIT;SEASHELLS;4987.0;1
108500;;;STARFRUIT;SEASHELLS;4986.0;6
108500;;;STARFRUIT;SEASHELLS;4983.0;1
108600;;;AMETHYSTS;SEASHELLS;9998.0;1
108600;;;AMETHYSTS;SEASHELLS;9998.0;3
109000;;;STARFRUIT;SEASHELLS;4982.0;1
109100;;;STARFRUIT;SEASHELLS;4983.0;1
109300;;;STARFRUIT;SEASHELLS;4986.0;10
109300;;;STARFRUIT;SEASHELLS;4982.0;1
109300;;;STARFRUIT;SEASHELLS;4986.0;1
109600;;;AMETHYSTS;SEASHELLS;9998.0;1
109700;;;STARFRUIT;SEASHELLS;4986.0;7
109700;;;STARFRUIT;SEASHELLS;4984.0;1
109800;;;AMETHYSTS;SEASHELLS;10002.0;1
109900;;;AMETHYSTS;SEASHELLS;10002.0;1
110000;;;AMETHYSTS;SEASHELLS;9998.0;8
110100;;;STARFRUIT;SEASHELLS;4983.0;1
110400;;;AMETHYSTS;SEASHELLS;10000.0;10
110400;;;STARFRUIT;SEASHELLS;4984.0;7
110400;;;STARFRUIT;SEASHELLS;4986.0;5
110600;;;AMETHYSTS;SEASHELLS;10002.0;8
110600;;;STARFRUIT;SEASHELLS;4988.0;1
110700;;;STARFRUIT;SEASHELLS;4986.0;3
111000;;;AMETHYSTS;SEASHELLS;10000.0;5
111000;;;STARFRUIT;SEASHELLS;4987.0;1
111000;;;AMETHYSTS;SEASHELLS;9998.0;1
111000;;;STARFRUIT;SEASHELLS;4984.0;4
111100;;;AMETHYSTS;SEASHELLS;9998.0;4
111100;;;STARFRUIT;SEASHELLS;4986.0;6
111100;;;STARFRUIT;SEASHELLS;4986.0;9
111300;;;STARFRUIT;SEASHELLS;4982.0;1
111300;;;AMETHYSTS;SEASHELLS;9998.0;3
111500;;;STARFRUIT;SEASHELLS;4987.0;1
111700;;;STARFRUIT;SEASHELLS;4982.0;1
112100;;;AMETHYSTS;SEASHELLS;9998.0;5
112200;;;STARFRUIT;SEASHELLS;4986.0;1
112400;;;STARFRUIT;SEASHELLS;4984.0;19
112500;;;STARFRUIT;SEASHELLS;4984.0;6
112900;;;STARFRUIT;SEASHELLS;4983.0;2
113000;;;AMETHYSTS;SEASHELLS;10002.0;4
113000;;;AMETHYSTS;SEASHELLS;10002.0;6
113300;;;STARFRUIT;SEASHELLS;4981.0;5
113700;;;STARFRUIT;SEASHELLS;4979.0;6
113700;;;STARFRUIT;SEASHELLS;4979.0;1
113800;;;STARFRUIT;SEASHELLS;4984.0;2
113800;;;AMETHYSTS;SEASHELLS;10002.0;1
113800;;;STARFRUIT;SEASHELLS;4984.0;11
113800;;;AMETHYSTS;SEASHELLS;9998.0;2
113900;;;STARFRUIT;SEASHELLS;4983.0;7
114000;;;STARFRUIT;SEASHELLS;4983.0;3
114000;;;AMETHYSTS;SEASHELLS;9998.0;11
114100;;;STARFRUIT;SEASHELLS;4984.0;1
114100;;;STARFRUIT;SEASHELLS;4983.0;1
114400;;;AMETHYSTS;SEASHELLS;10000.0;9
114600;;;AMETHYSTS;SEASHELLS;10002.0;1
114800;;;STARFRUIT;SEASHELLS;4985.0;12
114800;;;STARFRUIT;SEASHELLS;4985.0;3
114900;;;STARFRUIT;SEASHELLS;4984.0;8
115000;;;STARFRUIT;SEASHELLS;4984.0;3
115100;;;STARFRUIT;SEASHELLS;4985.0;1
115300;;;AMETHYSTS;SEASHELLS;9998.0;1
115700;;;STARFRUIT;SEASHELLS;4984.0;1
115700;;;STARFRUIT;SEASHELLS;4983.0;1
115800;;;STARFRUIT;SEASHELLS;4983.0;1
116000;;;STARFRUIT;SEASHELLS;4979.0;1
116000;;;STARFRUIT;SEASHELLS;4984.0;10
116100;;;STARFRUIT;SEASHELLS;4983.0;7
116200;;;AMETHYSTS;SEASHELLS;9998.0;1
116200;;;STARFRUIT;SEASHELLS;4982.0;1
116700;;;AMETHYSTS;SEASHELLS;10002.0;1
116800;;;AMETHYSTS;SEASHELLS;10002.0;3
116900;;;AMETHYSTS;SEASHELLS;9998.0;8
117400;;;STARFRUIT;SEASHELLS;4981.0;2
117500;;;STARFRUIT;SEASHELLS;4979.0;2
117700;;;STARFRUIT;SEASHELLS;4978.0;5
117900;;;STARFRUIT;SEASHELLS;4978.0;4
118100;;;AMETHYSTS;SEASHELLS;10002.0;1
118200;;;STARFRUIT;SEASHELLS;4977.0;1
118300;;;STARFRUIT;SEASHELLS;4976.0;1
118500;;;STARFRUIT;SEASHELLS;4975.0;1
118700;;;STARFRUIT;SEASHELLS;4976.0;10
119100;;;STARFRUIT;SEASHELLS;4979.0;2
119300;;;AMETHYSTS;SEASHELLS;10000.0;11
119300;;;AMETHYSTS;SEASHELLS;9998.0;1
119600;;;STARFRUIT;SEASHELLS;4974.0;1
119800;;;AMETHYSTS;SEASHELLS;10000.0;4
119800;;;STARFRUIT;SEASHELLS;4976.0;1
119800;;;AMETHYSTS;SEASHELLS;9998.0;1
119800;;;STARFRUIT;SEASHELLS;4979.0;1
119900;;;STARFRUIT;SEASHELLS;4974.0;1
119900;;;AMETHYSTS;SEASHELLS;10002.0;1
120000;;;AMETHYSTS;SEASHELLS;10002.0;1
120200;;;AMETHYSTS;SEASHELLS;10002.0;1
120300;;;AMETHYSTS;SEASHELLS;9998.0;2
120300;;;STARFRUIT;SEASHELLS;4973.0;2
120400;;;STARFRUIT;SEASHELLS;4974.0;2
120500;;;STARFRUIT;SEASHELLS;4974.0;3
120500;;;STARFRUIT;SEASHELLS;4974.0;4
120500;;;STARFRUIT;SEASHELLS;4974.0;1
120500;;;AMETHYSTS;SEASHELLS;10000.0;1
120500;;;STARFRUIT;SEASHELLS;4974.0;5
120600;;;STARFRUIT;SEASHELLS;4973.0;1
121100;;;STARFRUIT;SEASHELLS;4974.0;1
121400;;;AMETHYSTS;SEASHELLS;10002.0;5
121500;;;AMETHYSTS;SEASHELLS;10002.0;1
121500;;;STARFRUIT;SEASHELLS;4980.0;1
121800;;;AMETHYSTS;SEASHELLS;10002.0;1
121900;;;STARFRUIT;SEASHELLS;4979.0;1
122300;;;STARFRUIT;SEASHELLS;4974.0;2
122300;;;STARFRUIT;SEASHELLS;4974.0;3
122600;;;STARFRUIT;SEASHELLS;4979.0;1
122700;;;STARFRUIT;SEASHELLS;4977.0;1
122800;;;STARFRUIT;SEASHELLS;4978.0;6
122900;;;STARFRUIT;SEASHELLS;4978.0;1
123000;;;STARFRUIT;SEASHELLS;4973.0;1
123000;;;AMETHYSTS;SEASHELLS;9999.0;1
123200;;;STARFRUIT;SEASHELLS;4974.0;4
123600;;;STARFRUIT;SEASHELLS;4973.0;7
123700;;;AMETHYSTS;SEASHELLS;10002.0;3
123700;;;AMETHYSTS;SEASHELLS;10002.0;3
123800;;;AMETHYSTS;SEASHELLS;9998.0;1
123800;;;STARFRUIT;SEASHELLS;4977.0;1
124000;;;STARFRUIT;SEASHELLS;4977.0;1
124000;;;AMETHYSTS;SEASHELLS;10001.0;1
124000;;;STARFRUIT;SEASHELLS;4977.0;2
124100;;;STARFRUIT;SEASHELLS;4973.0;3
124200;;;STARFRUIT;SEASHELLS;4975.0;1
124500;;;AMETHYSTS;SEASHELLS;9998.0;5
124700;;;AMETHYSTS;SEASHELLS;9998.0;1
125200;;;AMETHYSTS;SEASHELLS;10002.0;4
125300;;;STARFRUIT;SEASHELLS;4970.0;1
125400;;;AMETHYSTS;SEASHELLS;9998.0;1
125700;;;AMETHYSTS;SEASHELLS;9998.0;2
125800;;;AMETHYSTS;SEASHELLS;9998.0;1
125900;;;STARFRUIT;SEASHELLS;4971.0;6
126100;;;AMETHYSTS;SEASHELLS;10002.0;1
126200;;;AMETHYSTS;SEASHELLS;10002.0;4
126300;;;STARFRUIT;SEASHELLS;4968.0;2
126300;;;AMETHYSTS;SEASHELLS;9999.0;2
126400;;;STARFRUIT;SEASHELLS;4969.0;1
126400;;;AMETHYSTS;SEASHELLS;9999.0;2
126400;;;STARFRUIT;SEASHELLS;4969.0;2
126700;;;AMETHYSTS;SEASHELLS;10002.0;2
127000;;;AMETHYSTS;SEASHELLS;9999.0;2
127000;;;STARFRUIT;SEASHELLS;4970.0;2
127400;;;STARFRUIT;SEASHELLS;4974.0;2
127400;;;AMETHYSTS;SEASHELLS;10000.0;2
127500;;;AMETHYSTS;SEASHELLS;9998.0;3
127500;;;STARFRUIT;SEASHELLS;4969.0;1
127900;;;AMETHYSTS;SEASHELLS;10000.0;5
128200;;;AMETHYSTS;SEASHELLS;10002.0;1
128400;;;AMETHYSTS;SEASHELLS;9999.0;1
128400;;;STARFRUIT;SEASHELLS;4968.0;1
128400;;;STARFRUIT;SEASHELLS;4969.0;2
128700;;;AMETHYSTS;SEASHELLS;10001.0;1
128900;;;STARFRUIT;SEASHELLS;4975.0;1
128900;;;STARFRUIT;SEASHELLS;4974.0;4
128900;;;AMETHYSTS;SEASHELLS;10002.0;2
129200;;;STARFRUIT;SEASHELLS;4973.0;4
129600;;;STARFRUIT;SEASHELLS;4970.0;1
129700;;;STARFRUIT;SEASHELLS;4973.0;1
130100;;;STARFRUIT;SEASHELLS;4976.0;1
130100;;;AMETHYSTS;SEASHELLS;9998.0;1
130200;;;STARFRUIT;SEASHELLS;4971.0;1
130300;;;AMETHYSTS;SEASHELLS;10002.0;1
130400;;;STARFRUIT;SEASHELLS;4969.0;1
130700;;;STARFRUIT;SEASHELLS;4975.0;1
130900;;;STARFRUIT;SEASHELLS;4970.0;1
131000;;;STARFRUIT;SEASHELLS;4974.0;1
131400;;;AMETHYSTS;SEASHELLS;9998.0;1
131600;;;AMETHYSTS;SEASHELLS;10002.0;1
131700;;;STARFRUIT;SEASHELLS;4968.0;1
131800;;;STARFRUIT;SEASHELLS;4969.0;4
131800;;;STARFRUIT;SEASHELLS;4968.0;1
131800;;;STARFRUIT;SEASHELLS;4968.0;12
132100;;;AMETHYSTS;SEASHELLS;9998.0;3
132100;;;AMETHYSTS;SEASHELLS;9998.0;1
132300;;;AMETHYSTS;SEASHELLS;10002.0;4
132400;;;STARFRUIT;SEASHELLS;4973.0;1
132400;;;AMETHYSTS;SEASHELLS;10004.0;1
132500;;;STARFRUIT;SEASHELLS;4968.0;1
132500;;;STARFRUIT;SEASHELLS;4971.0;1
132500;;;AMETHYSTS;SEASHELLS;9999.0;1
132900;;;AMETHYSTS;SEASHELLS;9998.0;1
133000;;;STARFRUIT;SEASHELLS;4969.0;13
133100;;;AMETHYSTS;SEASHELLS;10004.0;1
133100;;;AMETHYSTS;SEASHELLS;10002.0;2
133100;;;AMETHYSTS;SEASHELLS;10004.0;4
133100;;;AMETHYSTS;SEASHELLS;10002.0;3
133200;;;AMETHYSTS;SEASHELLS;9999.0;8
133400;;;AMETHYSTS;SEASHELLS;9998.0;1
133400;;;AMETHYSTS;SEASHELLS;9998.0;2
133400;;;STARFRUIT;SEASHELLS;4968.0;1
133500;;;STARFRUIT;SEASHELLS;4973.0;1
133700;;;STARFRUIT;SEASHELLS;4968.0;1
134000;;;STARFRUIT;SEASHELLS;4973.0;1
134000;;;STARFRUIT;SEASHELLS;4971.0;2
134100;;;AMETHYSTS;SEASHELLS;9998.0;2
134200;;;AMETHYSTS;SEASHELLS;10002.0;1
134300;;;AMETHYSTS;SEASHELLS;10002.0;1
134600;;;AMETHYSTS;SEASHELLS;10000.0;5
134600;;;AMETHYSTS;SEASHELLS;10000.0;2
134700;;;AMETHYSTS;SEASHELLS;10002.0;4
134700;;;AMETHYSTS;SEASHELLS;10004.0;1
134900;;;AMETHYSTS;SEASHELLS;9998.0;1
134900;;;AMETHYSTS;SEASHELLS;9998.0;1
135400;;;STARFRUIT;SEASHELLS;4967.0;9
135500;;;STARFRUIT;SEASHELLS;4972.0;1
135600;;;AMETHYSTS;SEASHELLS;10002.0;1
135800;;;STARFRUIT;SEASHELLS;4970.0;3
135900;;;STARFRUIT;SEASHELLS;4973.0;2
135900;;;AMETHYSTS;SEASHELLS;10005.0;2
136000;;;AMETHYSTS;SEASHELLS;9998.0;1
136300;;;AMETHYSTS;SEASHELLS;10002.0;1
136300;;;AMETHYSTS;SEASHELLS;9999.0;7
136500;;;STARFRUIT;SEASHELLS;4972.0;2
136500;;;AMETHYSTS;SEASHELLS;10000.0;2
136500;;;STARFRUIT;SEASHELLS;4969.0;1
136500;;;STARFRUIT;SEASHELLS;4969.0;1
136600;;;STARFRUIT;SEASHELLS;4971.0;2
136800;;;AMETHYSTS;SEASHELLS;10002.0;1
137000;;;AMETHYSTS;SEASHELLS;9998.0;8
137100;;;AMETHYSTS;SEASHELLS;10000.0;9
137200;;;STARFRUIT;SEASHELLS;4972.0;11
137400;;;AMETHYSTS;SEASHELLS;10001.0;3
137500;;;AMETHYSTS;SEASHELLS;9998.0;1
137600;;;STARFRUIT;SEASHELLS;4973.0;1
137700;;;AMETHYSTS;SEASHELLS;9998.0;8
137700;;;STARFRUIT;SEASHELLS;4971.0;4
137700;;;AMETHYSTS;SEASHELLS;9998.0;2
137700;;;STARFRUIT;SEASHELLS;4969.0;3
137800;;;STARFRUIT;SEASHELLS;4972.0;3
137900;;;AMETHYSTS;SEASHELLS;10000.0;1
137900;;;STARFRUIT;SEASHELLS;4971.0;1
137900;;;STARFRUIT;SEASHELLS;4973.0;1
138100;;;AMETHYSTS;SEASHELLS;9998.0;9
138100;;;STARFRUIT;SEASHELLS;4971.0;1
138200;;;AMETHYSTS;SEASHELLS;9998.0;1
138300;;;STARFRUIT;SEASHELLS;4971.0;1
138300;;;AMETHYSTS;SEASHELLS;9998.0;7
138400;;;AMETHYSTS;SEASHELLS;9998.0;1
138500;;;STARFRUIT;SEASHELLS;4972.0;11
138500;;;STARFRUIT;SEASHELLS;4967.0;1
138500;;;STARFRUIT;SEASHELLS;4972.0;2
138600;;;STARFRUIT;SEASHELLS;4970.0;6
138600;;;STARFRUIT;SEASHELLS;4969.0;2
138600;;;STARFRUIT;SEASHELLS;4967.0;1
138700;;;STARFRUIT;SEASHELLS;4970.0;2
138900;;;STARFRUIT;SEASHELLS;4968.0;9
138900;;;STARFRUIT;SEASHELLS;4968.0;1
138900;;;STARFRUIT;SEASHELLS;4970.0;11
139000;;;STARFRUIT;SEASHELLS;4968.0;1
139200;;;STARFRUIT;SEASHELLS;4970.0;7
139300;;;STARFRUIT;SEASHELLS;4970.0;2
139400;;;AMETHYSTS;SEASHELLS;10000.0;2
139400;;;STARFRUIT;SEASHELLS;4967.0;1
139400;;;STARFRUIT;SEASHELLS;4971.0;2
139400;;;AMETHYSTS;SEASHELLS;10002.0;5
139600;;;AMETHYSTS;SEASHELLS;9998.0;1
139700;;;STARFRUIT;SEASHELLS;4967.0;2
139700;;;STARFRUIT;SEASHELLS;4967.0;2
139700;;;STARFRUIT;SEASHELLS;4966.0;1
139800;;;STARFRUIT;SEASHELLS;4971.0;1
140100;;;STARFRUIT;SEASHELLS;4966.0;1
140300;;;AMETHYSTS;SEASHELLS;10002.0;1
140400;;;STARFRUIT;SEASHELLS;4966.0;1
140600;;;STARFRUIT;SEASHELLS;4966.0;1
141000;;;STARFRUIT;SEASHELLS;4969.0;11
141300;;;STARFRUIT;SEASHELLS;4968.0;9
141400;;;STARFRUIT;SEASHELLS;4968.0;2
141600;;;AMETHYSTS;SEASHELLS;10002.0;1
141800;;;STARFRUIT;SEASHELLS;4967.0;1
142000;;;STARFRUIT;SEASHELLS;4969.0;1
142300;;;STARFRUIT;SEASHELLS;4967.0;1
142300;;;STARFRUIT;SEASHELLS;4968.0;1
142400;;;AMETHYSTS;SEASHELLS;10002.0;3
142600;;;STARFRUIT;SEASHELLS;4963.0;1
142700;;;AMETHYSTS;SEASHELLS;10002.0;5
142800;;;STARFRUIT;SEASHELLS;4968.0;1
142800;;;AMETHYSTS;SEASHELLS;9998.0;2
142900;;;AMETHYSTS;SEASHELLS;9998.0;1
143000;;;STARFRUIT;SEASHELLS;4966.0;1
143100;;;AMETHYSTS;SEASHELLS;10002.0;1
143100;;;STARFRUIT;SEASHELLS;4964.0;1
143600;;;AMETHYSTS;SEASHELLS;9998.0;1
143600;;;STARFRUIT;SEASHELLS;4963.0;1
143900;;;AMETHYSTS;SEASHELLS;10002.0;1
144000;;;STARFRUIT;SEASHELLS;4968.0;1
144200;;;STARFRUIT;SEASHELLS;4966.0;1
144200;;;STARFRUIT;SEASHELLS;4967.0;1
144600;;;AMETHYSTS;SEASHELLS;10002.0;2
145000;;;AMETHYSTS;SEASHELLS;9998.0;1
145000;;;STARFRUIT;SEASHELLS;4964.0;1
145200;;;STARFRUIT;SEASHELLS;4968.0;1
145300;;;AMETHYSTS;SEASHELLS;9998.0;3
145400;;;AMETHYSTS;SEASHELLS;9998.0;1
145400;;;STARFRUIT;SEASHELLS;4965.0;1
145500;;;STARFRUIT;SEASHELLS;4968.0;1
145500;;;AMETHYSTS;SEASHELLS;10002.0;1
145600;;;STARFRUIT;SEASHELLS;4963.0;1
145600;;;AMETHYSTS;SEASHELLS;9998.0;8
145700;;;AMETHYSTS;SEASHELLS;10000.0;10
146000;;;STARFRUIT;SEASHELLS;4962.0;6
146300;;;AMETHYSTS;SEASHELLS;9998.0;1
146300;;;STARFRUIT;SEASHELLS;4963.0;15
146400;;;STARFRUIT;SEASHELLS;4963.0;9
146500;;;AMETHYSTS;SEASHELLS;10000.0;1
146500;;;STARFRUIT;SEASHELLS;4966.0;1
146600;;;AMETHYSTS;SEASHELLS;9998.0;5
146600;;;AMETHYSTS;SEASHELLS;9998.0;1
146600;;;AMETHYSTS;SEASHELLS;10000.0;4
146900;;;STARFRUIT;SEASHELLS;4963.0;1
147200;;;STARFRUIT;SEASHELLS;4966.0;11
147300;;;AMETHYSTS;SEASHELLS;10000.0;3
147600;;;STARFRUIT;SEASHELLS;4962.0;1
147700;;;AMETHYSTS;SEASHELLS;10002.0;1
147800;;;STARFRUIT;SEASHELLS;4967.0;1
147800;;;STARFRUIT;SEASHELLS;4965.0;7
148000;;;STARFRUIT;SEASHELLS;4965.0;4
148000;;;STARFRUIT;SEASHELLS;4967.0;9
148200;;;STARFRUIT;SEASHELLS;4962.0;1
148700;;;AMETHYSTS;SEASHELLS;10001.0;2
148700;;;STARFRUIT;SEASHELLS;4966.0;2
148700;;;STARFRUIT;SEASHELLS;4961.0;1
149500;;;STARFRUIT;SEASHELLS;4964.0;9
149500;;;STARFRUIT;SEASHELLS;4965.0;1
149600;;;STARFRUIT;SEASHELLS;4964.0;3
149700;;;STARFRUIT;SEASHELLS;4966.0;5
149800;;;STARFRUIT;SEASHELLS;4964.0;1
149800;;;AMETHYSTS;SEASHELLS;10002.0;3
149800;;;STARFRUIT;SEASHELLS;4965.0;1
149800;;;AMETHYSTS;SEASHELLS;10002.0;2
150000;;;AMETHYSTS;SEASHELLS;9999.0;5
150200;;;AMETHYSTS;SEASHELLS;9998.0;1
150200;;;AMETHYSTS;SEASHELLS;9998.0;1
150400;;;AMETHYSTS;SEASHELLS;9998.0;1
150500;;;AMETHYSTS;SEASHELLS;10002.0;1
150800;;;AMETHYSTS;SEASHELLS;9998.0;1
151100;;;STARFRUIT;SEASHELLS;4965.0;1
151200;;;STARFRUIT;SEASHELLS;4963.0;1
151300;;;STARFRUIT;SEASHELLS;4965.0;1
151400;;;STARFRUIT;SEASHELLS;4963.0;1
151500;;;STARFRUIT;SEASHELLS;4960.0;1
151600;;;STARFRUIT;SEASHELLS;4964.0;3
151600;;;AMETHYSTS;SEASHELLS;10002.0;3
151600;;;STARFRUIT;SEASHELLS;4964.0;8
151600;;;STARFRUIT;SEASHELLS;4965.0;1
151600;;;AMETHYSTS;SEASHELLS;9998.0;7
151600;;;AMETHYSTS;SEASHELLS;9998.0;1
152000;;;AMETHYSTS;SEASHELLS;9998.0;11
152200;;;STARFRUIT;SEASHELLS;4960.0;1
152300;;;STARFRUIT;SEASHELLS;4964.0;9
152300;;;STARFRUIT;SEASHELLS;4964.0;2
152300;;;AMETHYSTS;SEASHELLS;10000.0;2
152600;;;STARFRUIT;SEASHELLS;4961.0;1
152900;;;AMETHYSTS;SEASHELLS;10000.0;5
153000;;;STARFRUIT;SEASHELLS;4966.0;1
153000;;;AMETHYSTS;SEASHELLS;9998.0;3
153300;;;STARFRUIT;SEASHELLS;4965.0;8
153500;;;AMETHYSTS;SEASHELLS;9998.0;1
153500;;;AMETHYSTS;SEASHELLS;10000.0;1
153500;;;STARFRUIT;SEASHELLS;4965.0;1
153500;;;STARFRUIT;SEASHELLS;4965.0;2
153600;;;STARFRUIT;SEASHELLS;4965.0;4
154200;;;STARFRUIT;SEASHELLS;4965.0;3
154300;;;STARFRUIT;SEASHELLS;4963.0;6
154300;;;STARFRUIT;SEASHELLS;4963.0;2
154300;;;AMETHYSTS;SEASHELLS;9998.0;2
154400;;;STARFRUIT;SEASHELLS;4965.0;2
154600;;;STARFRUIT;SEASHELLS;4965.0;2
154700;;;STARFRUIT;SEASHELLS;4965.0;1
154800;;;AMETHYSTS;SEASHELLS;10002.0;1
154800;;;STARFRUIT;SEASHELLS;4965.0;1
154900;;;STARFRUIT;SEASHELLS;4964.0;15
154900;;;AMETHYSTS;SEASHELLS;9998.0;1
155000;;;STARFRUIT;SEASHELLS;4965.0;5
155100;;;STARFRUIT;SEASHELLS;4963.0;1
155100;;;STARFRUIT;SEASHELLS;4965.0;3
155200;;;STARFRUIT;SEASHELLS;4965.0;3
155200;;;AMETHYSTS;SEASHELLS;10002.0;1
155300;;;STARFRUIT;SEASHELLS;4965.0;2
155400;;;STARFRUIT;SEASHELLS;4965.0;1
155500;;;STARFRUIT;SEASHELLS;4965.0;1
155500;;;AMETHYSTS;SEASHELLS;9998.0;1
155600;;;STARFRUIT;SEASHELLS;4965.0;1
155700;;;AMETHYSTS;SEASHELLS;10000.0;1
155700;;;STARFRUIT;SEASHELLS;4968.0;1
155900;;;STARFRUIT;SEASHELLS;4967.0;2
156200;;;STARFRUIT;SEASHELLS;4965.0;7
156300;;;STARFRUIT;SEASHELLS;4964.0;3
156400;;;AMETHYSTS;SEASHELLS;10002.0;1
156500;;;AMETHYSTS;SEASHELLS;10002.0;3
156600;;;STARFRUIT;SEASHELLS;4964.0;2
156600;;;STARFRUIT;SEASHELLS;4963.0;1
156600;;;AMETHYSTS;SEASHELLS;9998.0;2
156900;;;STARFRUIT;SEASHELLS;4964.0;5
156900;;;STARFRUIT;SEASHELLS;4963.0;1
157000;;;STARFRUIT;SEASHELLS;4963.0;1
157000;;;STARFRUIT;SEASHELLS;4965.0;5
157100;;;AMETHYSTS;SEASHELLS;9998.0;1
157200;;;STARFRUIT;SEASHELLS;4965.0;1
157300;;;STARFRUIT;SEASHELLS;4966.0;4
157300;;;STARFRUIT;SEASHELLS;4965.0;4
157400;;;AMETHYSTS;SEASHELLS;10002.0;10
157400;;;STARFRUIT;SEASHELLS;4964.0;2
157400;;;AMETHYSTS;SEASHELLS;10002.0;1
157500;;;STARFRUIT;SEASHELLS;4964.0;1
157600;;;STARFRUIT;SEASHELLS;4965.0;3
157700;;;STARFRUIT;SEASHELLS;4970.0;1
157700;;;STARFRUIT;SEASHELLS;4965.0;1
157800;;;STARFRUIT;SEASHELLS;4966.0;1
157900;;;STARFRUIT;SEASHELLS;4966.0;1
158100;;;STARFRUIT;SEASHELLS;4966.0;1
158100;;;STARFRUIT;SEASHELLS;4966.0;1
158200;;;AMETHYSTS;SEASHELLS;10002.0;1
158300;;;AMETHYSTS;SEASHELLS;9998.0;7
158300;;;AMETHYSTS;SEASHELLS;9998.0;5
158400;;;AMETHYSTS;SEASHELLS;9998.0;5
158800;;;STARFRUIT;SEASHELLS;4969.0;1
159200;;;AMETHYSTS;SEASHELLS;9998.0;9
159300;;;STARFRUIT;SEASHELLS;4965.0;1
159400;;;AMETHYSTS;SEASHELLS;10000.0;6
159400;;;STARFRUIT;SEASHELLS;4968.0;1
159700;;;AMETHYSTS;SEASHELLS;9998.0;4
160000;;;STARFRUIT;SEASHELLS;4970.0;2
160000;;;AMETHYSTS;SEASHELLS;10000.0;2
160300;;;AMETHYSTS;SEASHELLS;9998.0;1
160400;;;STARFRUIT;SEASHELLS;4968.0;1
160400;;;AMETHYSTS;SEASHELLS;9998.0;1
160500;;;STARFRUIT;SEASHELLS;4969.0;13
160600;;;AMETHYSTS;SEASHELLS;10002.0;1
160800;;;AMETHYSTS;SEASHELLS;10002.0;2
160900;;;AMETHYSTS;SEASHELLS;10000.0;3
161000;;;STARFRUIT;SEASHELLS;4963.0;8
161600;;;AMETHYSTS;SEASHELLS;9998.0;1
161700;;;STARFRUIT;SEASHELLS;4967.0;6
162400;;;STARFRUIT;SEASHELLS;4965.0;4
162400;;;STARFRUIT;SEASHELLS;4965.0;5
162600;;;STARFRUIT;SEASHELLS;4967.0;1
162900;;;AMETHYSTS;SEASHELLS;9998.0;4
163100;;;AMETHYSTS;SEASHELLS;9998.0;4
163300;;;STARFRUIT;SEASHELLS;4966.0;8
163500;;;AMETHYSTS;SEASHELLS;10002.0;3
163500;;;STARFRUIT;SEASHELLS;4967.0;2
163800;;;AMETHYSTS;SEASHELLS;9998.0;1
163800;;;STARFRUIT;SEASHELLS;4970.0;13
163800;;;STARFRUIT;SEASHELLS;4964.0;1
163900;;;AMETHYSTS;SEASHELLS;9997.0;2
163900;;;STARFRUIT;SEASHELLS;4964.0;2
164100;;;STARFRUIT;SEASHELLS;4966.0;2
164600;;;STARFRUIT;SEASHELLS;4968.0;1
164600;;;STARFRUIT;SEASHELLS;4965.0;13
164800;;;AMETHYSTS;SEASHELLS;9999.0;8
165000;;;STARFRUIT;SEASHELLS;4968.0;1
165100;;;STARFRUIT;SEASHELLS;4968.0;1
165200;;;STARFRUIT;SEASHELLS;4966.0;6
165200;;;STARFRUIT;SEASHELLS;4966.0;7
165300;;;STARFRUIT;SEASHELLS;4966.0;2
165500;;;AMETHYSTS;SEASHELLS;10000.0;4
165600;;;AMETHYSTS;SEASHELLS;9998.0;1
165700;;;STARFRUIT;SEASHELLS;4968.0;1
165900;;;AMETHYSTS;SEASHELLS;9998.0;1
166000;;;STARFRUIT;SEASHELLS;4968.0;1
166200;;;STARFRUIT;SEASHELLS;4963.0;3
166200;;;AMETHYSTS;SEASHELLS;9998.0;1
166400;;;AMETHYSTS;SEASHELLS;9998.0;1
166400;;;STARFRUIT;SEASHELLS;4965.0;2
166700;;;STARFRUIT;SEASHELLS;4966.0;1
167000;;;STARFRUIT;SEASHELLS;4963.0;5
167100;;;AMETHYSTS;SEASHELLS;9998.0;10
167300;;;STARFRUIT;SEASHELLS;4963.0;11
167800;;;AMETHYSTS;SEASHELLS;9998.0;1
167800;;;STARFRUIT;SEASHELLS;4966.0;1
167900;;;AMETHYSTS;SEASHELLS;9998.0;1
168000;;;AMETHYSTS;SEASHELLS;9999.0;8
168100;;;AMETHYSTS;SEASHELLS;9998.0;1
168500;;;AMETHYSTS;SEASHELLS;10002.0;1
168600;;;STARFRUIT;SEASHELLS;4963.0;1
168700;;;STARFRUIT;SEASHELLS;4963.0;3
168800;;;STARFRUIT;SEASHELLS;4963.0;7
169000;;;STARFRUIT;SEASHELLS;4964.0;3
169500;;;STARFRUIT;SEASHELLS;4965.0;1
169900;;;STARFRUIT;SEASHELLS;4960.0;1
170200;;;STARFRUIT;SEASHELLS;4961.0;1
170200;;;AMETHYSTS;SEASHELLS;10002.0;3
170400;;;STARFRUIT;SEASHELLS;4965.0;2
170400;;;AMETHYSTS;SEASHELLS;10002.0;11
170400;;;STARFRUIT;SEASHELLS;4965.0;8
171000;;;STARFRUIT;SEASHELLS;4963.0;6
171000;;;STARFRUIT;SEASHELLS;4960.0;3
171100;;;AMETHYSTS;SEASHELLS;10002.0;1
171100;;;STARFRUIT;SEASHELLS;4963.0;1
171100;;;AMETHYSTS;SEASHELLS;10002.0;3
171200;;;STARFRUIT;SEASHELLS;4963.0;4
171400;;;AMETHYSTS;SEASHELLS;10002.0;5
171400;;;STARFRUIT;SEASHELLS;4963.0;3
171500;;;AMETHYSTS;SEASHELLS;10002.0;1
171600;;;STARFRUIT;SEASHELLS;4961.0;1
171600;;;AMETHYSTS;SEASHELLS;9998.0;1
171600;;;AMETHYSTS;SEASHELLS;9998.0;10
171900;;;AMETHYSTS;SEASHELLS;10002.0;1
171900;;;STARFRUIT;SEASHELLS;4962.0;1
171900;;;AMETHYSTS;SEASHELLS;9998.0;1
172100;;;AMETHYSTS;SEASHELLS;10002.0;1
172600;;;AMETHYSTS;SEASHELLS;9998.0;2
172600;;;STARFRUIT;SEASHELLS;4959.0;2
172700;;;AMETHYSTS;SEASHELLS;9998.0;3
173200;;;STARFRUIT;SEASHELLS;4959.0;1
173400;;;AMETHYSTS;SEASHELLS;10002.0;1
173400;;;STARFRUIT;SEASHELLS;4959.0;2
173400;;;AMETHYSTS;SEASHELLS;9998.0;2
173500;;;AMETHYSTS;SEASHELLS;9998.0;3
173500;;;STARFRUIT;SEASHELLS;4962.0;11
173700;;;STARFRUIT;SEASHELLS;4965.0;1
173800;;;STARFRUIT;SEASHELLS;4963.0;4
173800;;;STARFRUIT;SEASHELLS;4964.0;4
173900;;;AMETHYSTS;SEASHELLS;10000.0;9
173900;;;STARFRUIT;SEASHELLS;4965.0;1
174000;;;AMETHYSTS;SEASHELLS;9998.0;1
174000;;;STARFRUIT;SEASHELLS;4961.0;1
174300;;;AMETHYSTS;SEASHELLS;10002.0;1
174400;;;STARFRUIT;SEASHELLS;4958.0;1
174800;;;STARFRUIT;SEASHELLS;4962.0;1
175800;;;AMETHYSTS;SEASHELLS;10000.0;1
175800;;;STARFRUIT;SEASHELLS;4962.0;1
176000;;;AMETHYSTS;SEASHELLS;10002.0;1
176000;;;AMETHYSTS;SEASHELLS;9998.0;1
176000;;;STARFRUIT;SEASHELLS;4960.0;1
176000;;;STARFRUIT;SEASHELLS;4958.0;1
176100;;;AMETHYSTS;SEASHELLS;10000.0;2
176100;;;STARFRUIT;SEASHELLS;4962.0;2
176400;;;STARFRUIT;SEASHELLS;4960.0;16
176600;;;STARFRUIT;SEASHELLS;4958.0;1
176900;;;STARFRUIT;SEASHELLS;4960.0;1
176900;;;STARFRUIT;SEASHELLS;4960.0;4
177400;;;STARFRUIT;SEASHELLS;4957.0;1
177600;;;STARFRUIT;SEASHELLS;4960.0;11
177600;;;AMETHYSTS;SEASHELLS;9998.0;1
177700;;;AMETHYSTS;SEASHELLS;9998.0;1
177700;;;STARFRUIT;SEASHELLS;4959.0;1
177900;;;STARFRUIT;SEASHELLS;4959.0;5
177900;;;AMETHYSTS;SEASHELLS;9998.0;12
177900;;;STARFRUIT;SEASHELLS;4959.0;9
178000;;;AMETHYSTS;SEASHELLS;9998.0;1
178700;;;STARFRUIT;SEASHELLS;4957.0;1
178800;;;STARFRUIT;SEASHELLS;4960.0;5
178900;;;STARFRUIT;SEASHELLS;4957.0;1
179000;;;AMETHYSTS;SEASHELLS;10000.0;2
179000;;;STARFRUIT;SEASHELLS;4961.0;2
179100;;;STARFRUIT;SEASHELLS;4957.0;1
179200;;;STARFRUIT;SEASHELLS;4961.0;9
179300;;;AMETHYSTS;SEASHELLS;9998.0;2
179400;;;STARFRUIT;SEASHELLS;4961.0;6
179600;;;AMETHYSTS;SEASHELLS;9998.0;4
179700;;;STARFRUIT;SEASHELLS;4963.0;1
179800;;;AMETHYSTS;SEASHELLS;9998.0;8
179900;;;AMETHYSTS;SEASHELLS;9996.0;2
180000;;;STARFRUIT;SEASHELLS;4961.0;7
180000;;;STARFRUIT;SEASHELLS;4961.0;4
180100;;;AMETHYSTS;SEASHELLS;9998.0;3
180300;;;AMETHYSTS;SEASHELLS;9998.0;4
180500;;;STARFRUIT;SEASHELLS;4960.0;6
180500;;;AMETHYSTS;SEASHELLS;10002.0;3
180800;;;AMETHYSTS;SEASHELLS;10002.0;1
180900;;;STARFRUIT;SEASHELLS;4961.0;3
180900;;;AMETHYSTS;SEASHELLS;9998.0;1
181000;;;STARFRUIT;SEASHELLS;4962.0;1
181300;;;STARFRUIT;SEASHELLS;4960.0;15
181400;;;STARFRUIT;SEASHELLS;4962.0;2
181400;;;AMETHYSTS;SEASHELLS;9999.0;2
181500;;;AMETHYSTS;SEASHELLS;9998.0;2
181500;;;STARFRUIT;SEASHELLS;4960.0;2
181500;;;STARFRUIT;SEASHELLS;4957.0;1
181600;;;STARFRUIT;SEASHELLS;4960.0;6
181600;;;STARFRUIT;SEASHELLS;4957.0;2
181700;;;STARFRUIT;SEASHELLS;4962.0;14
181800;;;STARFRUIT;SEASHELLS;4957.0;1
181900;;;AMETHYSTS;SEASHELLS;10002.0;1
181900;;;STARFRUIT;SEASHELLS;4960.0;10
182000;;;AMETHYSTS;SEASHELLS;10002.0;1
182000;;;STARFRUIT;SEASHELLS;4960.0;5
182100;;;STARFRUIT;SEASHELLS;4957.0;2
182200;;;STARFRUIT;SEASHELLS;4960.0;2
182200;;;STARFRUIT;SEASHELLS;4961.0;1
182300;;;AMETHYSTS;SEASHELLS;9998.0;4
182500;;;AMETHYSTS;SEASHELLS;10002.0;4
182500;;;STARFRUIT;SEASHELLS;4960.0;16
182800;;;STARFRUIT;SEASHELLS;4957.0;1
183100;;;AMETHYSTS;SEASHELLS;10000.0;2
183100;;;STARFRUIT;SEASHELLS;4961.0;2
183100;;;STARFRUIT;SEASHELLS;4962.0;1
183200;;;STARFRUIT;SEASHELLS;4959.0;9
183500;;;STARFRUIT;SEASHELLS;4962.0;1
183700;;;STARFRUIT;SEASHELLS;4962.0;8
183800;;;STARFRUIT;SEASHELLS;4960.0;9
183900;;;STARFRUIT;SEASHELLS;4960.0;5
183900;;;AMETHYSTS;SEASHELLS;9998.0;6
184000;;;STARFRUIT;SEASHELLS;4960.0;3
184100;;;STARFRUIT;SEASHELLS;4960.0;1
184100;;;STARFRUIT;SEASHELLS;4960.0;1
184300;;;STARFRUIT;SEASHELLS;4958.0;2
184600;;;AMETHYSTS;SEASHELLS;9995.0;1
184600;;;STARFRUIT;SEASHELLS;4954.0;1
184700;;;STARFRUIT;SEASHELLS;4960.0;1
184800;;;AMETHYSTS;SEASHELLS;10002.0;3
184800;;;AMETHYSTS;SEASHELLS;10002.0;5
184900;;;AMETHYSTS;SEASHELLS;10002.0;1
185200;;;STARFRUIT;SEASHELLS;4959.0;10
185200;;;AMETHYSTS;SEASHELLS;10002.0;1
185300;;;STARFRUIT;SEASHELLS;4958.0;8
185400;;;AMETHYSTS;SEASHELLS;9998.0;1
185400;;;STARFRUIT;SEASHELLS;4958.0;1
185500;;;AMETHYSTS;SEASHELLS;9998.0;1
185800;;;AMETHYSTS;SEASHELLS;9998.0;1
186000;;;AMETHYSTS;SEASHELLS;10002.0;4
186100;;;STARFRUIT;SEASHELLS;4957.0;1
186100;;;STARFRUIT;SEASHELLS;4957.0;2
186100;;;STARFRUIT;SEASHELLS;4957.0;2
186200;;;STARFRUIT;SEASHELLS;4959.0;11
186300;;;STARFRUIT;SEASHELLS;4956.0;2
186300;;;AMETHYSTS;SEASHELLS;10000.0;11
186300;;;STARFRUIT;SEASHELLS;4956.0;8
186400;;;STARFRUIT;SEASHELLS;4956.0;1
186400;;;AMETHYSTS;SEASHELLS;9998.0;1
187000;;;STARFRUIT;SEASHELLS;4957.0;2
187000;;;STARFRUIT;SEASHELLS;4957.0;1
187300;;;STARFRUIT;SEASHELLS;4959.0;1
187400;;;STARFRUIT;SEASHELLS;4960.0;1
187700;;;STARFRUIT;SEASHELLS;4955.0;1
187700;;;STARFRUIT;SEASHELLS;4959.0;12
187700;;;STARFRUIT;SEASHELLS;4959.0;8
187700;;;STARFRUIT;SEASHELLS;4959.0;3
187900;;;STARFRUIT;SEASHELLS;4958.0;9
188000;;;AMETHYSTS;SEASHELLS;10002.0;1
188000;;;STARFRUIT;SEASHELLS;4958.0;2
188300;;;STARFRUIT;SEASHELLS;4957.0;1
188400;;;AMETHYSTS;SEASHELLS;9998.0;1
188400;;;AMETHYSTS;SEASHELLS;9998.0;1
188500;;;AMETHYSTS;SEASHELLS;10002.0;1
189100;;;AMETHYSTS;SEASHELLS;10000.0;5
189200;;;STARFRUIT;SEASHELLS;4957.0;3
189300;;;STARFRUIT;SEASHELLS;4959.0;1
189500;;;AMETHYSTS;SEASHELLS;10000.0;2
189500;;;AMETHYSTS;SEASHELLS;9998.0;1
189500;;;STARFRUIT;SEASHELLS;4959.0;2
189500;;;AMETHYSTS;SEASHELLS;10000.0;5
189500;;;STARFRUIT;SEASHELLS;4957.0;1
189800;;;AMETHYSTS;SEASHELLS;10000.0;2
189800;;;STARFRUIT;SEASHELLS;4959.0;2
189900;;;AMETHYSTS;SEASHELLS;10000.0;3
189900;;;STARFRUIT;SEASHELLS;4958.0;3
189900;;;STARFRUIT;SEASHELLS;4959.0;1
190000;;;STARFRUIT;SEASHELLS;4955.0;8
190000;;;STARFRUIT;SEASHELLS;4955.0;1
190300;;;STARFRUIT;SEASHELLS;4960.0;1
190600;;;STARFRUIT;SEASHELLS;4954.0;1
190700;;;STARFRUIT;SEASHELLS;4954.0;10
190700;;;AMETHYSTS;SEASHELLS;10002.0;2
190800;;;AMETHYSTS;SEASHELLS;9998.0;5
190900;;;AMETHYSTS;SEASHELLS;10002.0;1
190900;;;AMETHYSTS;SEASHELLS;10000.0;1
190900;;;STARFRUIT;SEASHELLS;4958.0;1
190900;;;STARFRUIT;SEASHELLS;4959.0;1
191000;;;AMETHYSTS;SEASHELLS;10002.0;1
191300;;;AMETHYSTS;SEASHELLS;10000.0;6
191400;;;AMETHYSTS;SEASHELLS;9998.0;1
191500;;;AMETHYSTS;SEASHELLS;9998.0;4
191700;;;AMETHYSTS;SEASHELLS;10000.0;4
191800;;;STARFRUIT;SEASHELLS;4959.0;1
192000;;;STARFRUIT;SEASHELLS;4959.0;1
192000;;;AMETHYSTS;SEASHELLS;10002.0;1
192100;;;AMETHYSTS;SEASHELLS;9998.0;1
192200;;;STARFRUIT;SEASHELLS;4957.0;3
192200;;;AMETHYSTS;SEASHELLS;9998.0;2
192200;;;STARFRUIT;SEASHELLS;4957.0;2
192400;;;AMETHYSTS;SEASHELLS;9999.0;1
192400;;;STARFRUIT;SEASHELLS;4956.0;1
192500;;;AMETHYSTS;SEASHELLS;9998.0;1
192500;;;STARFRUIT;SEASHELLS;4960.0;1
192600;;;AMETHYSTS;SEASHELLS;10002.0;3
192700;;;AMETHYSTS;SEASHELLS;9999.0;6
193300;;;AMETHYSTS;SEASHELLS;10002.0;4
193300;;;AMETHYSTS;SEASHELLS;10002.0;1
193500;;;AMETHYSTS;SEASHELLS;9998.0;1
193600;;;STARFRUIT;SEASHELLS;4958.0;11
193700;;;AMETHYSTS;SEASHELLS;9998.0;1
193700;;;STARFRUIT;SEASHELLS;4957.0;9
193800;;;STARFRUIT;SEASHELLS;4958.0;1
193800;;;STARFRUIT;SEASHELLS;4957.0;2
194000;;;STARFRUIT;SEASHELLS;4952.0;1
194000;;;STARFRUIT;SEASHELLS;4956.0;1
194100;;;AMETHYSTS;SEASHELLS;9998.0;1
194100;;;STARFRUIT;SEASHELLS;4957.0;1
194300;;;STARFRUIT;SEASHELLS;4953.0;1
194400;;;STARFRUIT;SEASHELLS;4957.0;2
194400;;;AMETHYSTS;SEASHELLS;10000.0;2
194600;;;STARFRUIT;SEASHELLS;4951.0;1
194800;;;STARFRUIT;SEASHELLS;4955.0;2
195100;;;STARFRUIT;SEASHELLS;4951.0;8
195100;;;AMETHYSTS;SEASHELLS;10002.0;4
195100;;;AMETHYSTS;SEASHELLS;10002.0;1
195700;;;AMETHYSTS;SEASHELLS;10002.0;1
195800;;;STARFRUIT;SEASHELLS;4956.0;1
195800;;;AMETHYSTS;SEASHELLS;10001.0;1
195900;;;AMETHYSTS;SEASHELLS;9998.0;1
196000;;;AMETHYSTS;SEASHELLS;10002.0;1
196000;;;AMETHYSTS;SEASHELLS;10002.0;2
196500;;;STARFRUIT;SEASHELLS;4956.0;1
197300;;;STARFRUIT;SEASHELLS;4956.0;1
197300;;;AMETHYSTS;SEASHELLS;10001.0;1
197300;;;AMETHYSTS;SEASHELLS;9999.0;2
197400;;;AMETHYSTS;SEASHELLS;10002.0;1
197500;;;STARFRUIT;SEASHELLS;4951.0;1
197700;;;STARFRUIT;SEASHELLS;4956.0;2
197700;;;AMETHYSTS;SEASHELLS;10001.0;1
197700;;;AMETHYSTS;SEASHELLS;10001.0;1
198500;;;AMETHYSTS;SEASHELLS;9998.0;10
198500;;;AMETHYSTS;SEASHELLS;10005.0;2
198500;;;STARFRUIT;SEASHELLS;4956.0;2
198800;;;STARFRUIT;SEASHELLS;4949.0;1
198900;;;STARFRUIT;SEASHELLS;4950.0;5
198900;;;AMETHYSTS;SEASHELLS;10002.0;1
199000;;;STARFRUIT;SEASHELLS;4948.0;2
199000;;;AMETHYSTS;SEASHELLS;9998.0;2
199100;;;STARFRUIT;SEASHELLS;4948.0;1
199200;;;STARFRUIT;SEASHELLS;4950.0;2
199200;;;AMETHYSTS;SEASHELLS;10000.0;5
199400;;;AMETHYSTS;SEASHELLS;10000.0;1
199400;;;STARFRUIT;SEASHELLS;4950.0;2
199400;;;STARFRUIT;SEASHELLS;4954.0;1
199400;;;STARFRUIT;SEASHELLS;4950.0;1
199400;;;STARFRUIT;SEASHELLS;4950.0;3
199500;;;AMETHYSTS;SEASHELLS;10002.0;1
199600;;;STARFRUIT;SEASHELLS;4954.0;2
199600;;;AMETHYSTS;SEASHELLS;10000.0;2
