timestamp;buyer;seller;symbol;currency;price;quantity
0;;;STARFRUIT;SEASHELLS;5003.0;1
0;;;AMETHYSTS;SEASHELLS;10004.0;1
0;;;STARFRUIT;SEASHELLS;5003.0;13
600;;;AMETHYSTS;SEASHELLS;10000.0;5
1100;;;AMETHYSTS;SEASHELLS;9998.0;10
1200;;;AMETHYSTS;SEASHELLS;9998.0;1
1300;;;AMETHYSTS;SEASHELLS;10002.0;1
1700;;;STARFRUIT;SEASHELLS;5001.0;9
1700;;;AMETHYSTS;SEASHELLS;10002.0;1
1800;;;AMETHYSTS;SEASHELLS;10002.0;1
1900;;;STARFRUIT;SEASHELLS;5002.0;1
2000;;;AMETHYSTS;SEASHELLS;9998.0;1
2300;;;STARFRUIT;SEASHELLS;5000.0;7
2400;;;STARFRUIT;SEASHELLS;4997.0;1
2400;;;STARFRUIT;SEASHELLS;5000.0;1
2600;;;STARFRUIT;SEASHELLS;4999.0;1
2900;;;AMETHYSTS;SEASHELLS;9998.0;12
3000;;;AMETHYSTS;SEASHELLS;9999.0;1
3000;;;STARFRUIT;SEASHELLS;5003.0;1
3100;;;AMETHYSTS;SEASHELLS;9998.0;2
3100;;;STARFRUIT;SEASHELLS;4998.0;2
3200;;;AMETHYSTS;SEASHELLS;9997.0;2
3200;;;STARFRUIT;SEASHELLS;4998.0;2
3700;;;AMETHYSTS;SEASHELLS;10002.0;1
3800;;;AMETHYSTS;SEASHELLS;9997.0;1
3800;;;STARFRUIT;SEASHELLS;4997.0;1
3800;;;STARFRUIT;SEASHELLS;4999.0;10
3800;;;STARFRUIT;SEASHELLS;4999.0;4
3900;;;STARFRUIT;SEASHELLS;5000.0;4
4100;;;STARFRUIT;SEASHELLS;4999.0;4
4200;;;AMETHYSTS;SEASHELLS;9996.0;2
4300;;;STARFRUIT;SEASHELLS;4998.0;2
4300;;;STARFRUIT;SEASHELLS;5003.0;1
4300;;;AMETHYSTS;SEASHELLS;9995.0;2
4500;;;STARFRUIT;SEASHELLS;4997.0;1
4600;;;STARFRUIT;SEASHELLS;4999.0;2
4800;;;AMETHYSTS;SEASHELLS;9999.0;2
4800;;;STARFRUIT;SEASHELLS;4998.0;1
4900;;;STARFRUIT;SEASHELLS;4998.0;1
5100;;;STARFRUIT;SEASHELLS;4998.0;1
5300;;;STARFRUIT;SEASHELLS;5002.0;1
5700;;;STARFRUIT;SEASHELLS;4999.0;1
5700;;;STARFRUIT;SEASHELLS;4999.0;1
6100;;;STARFRUIT;SEASHELLS;4999.0;1
6500;;;AMETHYSTS;SEASHELLS;9998.0;1
6600;;;AMETHYSTS;SEASHELLS;9999.0;8
6700;;;AMETHYSTS;SEASHELLS;10002.0;3
6900;;;AMETHYSTS;SEASHELLS;10002.0;1
6900;;;STARFRUIT;SEASHELLS;5003.0;1
7000;;;STARFRUIT;SEASHELLS;5004.0;2
7000;;;AMETHYSTS;SEASHELLS;10000.0;2
7300;;;AMETHYSTS;SEASHELLS;10002.0;1
7300;;;STARFRUIT;SEASHELLS;5004.0;2
7300;;;AMETHYSTS;SEASHELLS;10000.0;2
7400;;;STARFRUIT;SEASHELLS;4998.0;1
7700;;;STARFRUIT;SEASHELLS;4997.0;1
8100;;;AMETHYSTS;SEASHELLS;9998.0;11
8100;;;STARFRUIT;SEASHELLS;5004.0;1
8100;;;AMETHYSTS;SEASHELLS;10000.0;1
8600;;;STARFRUIT;SEASHELLS;4998.0;1
8800;;;AMETHYSTS;SEASHELLS;9998.0;1
9200;;;STARFRUIT;SEASHELLS;5003.0;1
10000;;;STARFRUIT;SEASHELLS;5000.0;11
10200;;;STARFRUIT;SEASHELLS;4999.0;8
10300;;;STARFRUIT;SEASHELLS;5001.0;1
10300;;;AMETHYSTS;SEASHELLS;9998.0;1
10400;;;AMETHYSTS;SEASHELLS;10002.0;1
10800;;;AMETHYSTS;SEASHELLS;10000.0;12
10900;;;STARFRUIT;SEASHELLS;5001.0;13
11000;;;STARFRUIT;SEASHELLS;5002.0;4
11100;;;AMETHYSTS;SEASHELLS;9998.0;4
11100;;;AMETHYSTS;SEASHELLS;9998.0;3
11300;;;STARFRUIT;SEASHELLS;4999.0;3
11400;;;AMETHYSTS;SEASHELLS;9998.0;2
11400;;;STARFRUIT;SEASHELLS;4999.0;2
11500;;;AMETHYSTS;SEASHELLS;10002.0;2
11500;;;STARFRUIT;SEASHELLS;4999.0;1
11700;;;STARFRUIT;SEASHELLS;5000.0;1
11700;;;STARFRUIT;SEASHELLS;4998.0;2
11800;;;STARFRUIT;SEASHELLS;5000.0;4
11800;;;STARFRUIT;SEASHELLS;5003.0;1
11800;;;STARFRUIT;SEASHELLS;5000.0;2
12000;;;AMETHYSTS;SEASHELLS;10002.0;1
12000;;;STARFRUIT;SEASHELLS;5001.0;1
12400;;;STARFRUIT;SEASHELLS;5005.0;15
12500;;;STARFRUIT;SEASHELLS;4998.0;1
13000;;;AMETHYSTS;SEASHELLS;10002.0;1
13000;;;STARFRUIT;SEASHELLS;5002.0;1
13200;;;AMETHYSTS;SEASHELLS;9998.0;2
13300;;;STARFRUIT;SEASHELLS;5004.0;2
13300;;;AMETHYSTS;SEASHELLS;10000.0;2
13600;;;STARFRUIT;SEASHELLS;4997.0;1
13700;;;AMETHYSTS;SEASHELLS;9998.0;4
13900;;;STARFRUIT;SEASHELLS;5001.0;6
14200;;;STARFRUIT;SEASHELLS;4998.0;1
14900;;;AMETHYSTS;SEASHELLS;10000.0;4
15000;;;STARFRUIT;SEASHELLS;5003.0;2
15000;;;STARFRUIT;SEASHELLS;5003.0;7
15000;;;STARFRUIT;SEASHELLS;5003.0;1
15200;;;STARFRUIT;SEASHELLS;4998.0;1
15300;;;AMETHYSTS;SEASHELLS;10000.0;3
15400;;;AMETHYSTS;SEASHELLS;9998.0;1
15500;;;AMETHYSTS;SEASHELLS;10002.0;1
15600;;;AMETHYSTS;SEASHELLS;10000.0;2
15600;;;STARFRUIT;SEASHELLS;5002.0;1
15700;;;AMETHYSTS;SEASHELLS;10002.0;5
15700;;;AMETHYSTS;SEASHELLS;10002.0;1
15800;;;STARFRUIT;SEASHELLS;5002.0;1
15900;;;STARFRUIT;SEASHELLS;5000.0;6
16200;;;STARFRUIT;SEASHELLS;4998.0;1
16200;;;STARFRUIT;SEASHELLS;4998.0;1
16200;;;AMETHYSTS;SEASHELLS;9998.0;1
16300;;;AMETHYSTS;SEASHELLS;10000.0;8
16400;;;AMETHYSTS;SEASHELLS;10002.0;1
16600;;;STARFRUIT;SEASHELLS;4996.0;1
16700;;;STARFRUIT;SEASHELLS;5001.0;1
16700;;;AMETHYSTS;SEASHELLS;10002.0;1
16800;;;AMETHYSTS;SEASHELLS;9998.0;5
17000;;;STARFRUIT;SEASHELLS;4999.0;2
17100;;;STARFRUIT;SEASHELLS;4999.0;1
17200;;;STARFRUIT;SEASHELLS;4999.0;1
17400;;;AMETHYSTS;SEASHELLS;10000.0;6
18200;;;STARFRUIT;SEASHELLS;4997.0;4
18200;;;STARFRUIT;SEASHELLS;4996.0;1
18300;;;STARFRUIT;SEASHELLS;4998.0;2
18500;;;STARFRUIT;SEASHELLS;5000.0;1
18600;;;AMETHYSTS;SEASHELLS;10002.0;1
18800;;;STARFRUIT;SEASHELLS;4999.0;3
19000;;;STARFRUIT;SEASHELLS;4996.0;10
19200;;;AMETHYSTS;SEASHELLS;9998.0;1
19300;;;STARFRUIT;SEASHELLS;4996.0;1
19300;;;AMETHYSTS;SEASHELLS;9998.0;1
19600;;;STARFRUIT;SEASHELLS;4997.0;2
19700;;;STARFRUIT;SEASHELLS;4997.0;3
19700;;;STARFRUIT;SEASHELLS;4997.0;1
19700;;;STARFRUIT;SEASHELLS;4997.0;1
19700;;;AMETHYSTS;SEASHELLS;10002.0;1
19800;;;STARFRUIT;SEASHELLS;4997.0;2
19900;;;STARFRUIT;SEASHELLS;4998.0;1
20100;;;AMETHYSTS;SEASHELLS;10002.0;4
20100;;;AMETHYSTS;SEASHELLS;10002.0;1
20200;;;AMETHYSTS;SEASHELLS;9998.0;1
20300;;;STARFRUIT;SEASHELLS;4997.0;1
20400;;;STARFRUIT;SEASHELLS;4999.0;4
20500;;;AMETHYSTS;SEASHELLS;9998.0;1
20500;;;AMETHYSTS;SEASHELLS;10000.0;3
20700;;;AMETHYSTS;SEASHELLS;10002.0;1
20700;;;AMETHYSTS;SEASHELLS;10000.0;6
21200;;;AMETHYSTS;SEASHELLS;9998.0;1
21300;;;AMETHYSTS;SEASHELLS;9999.0;8
21600;;;AMETHYSTS;SEASHELLS;10002.0;11
21700;;;STARFRUIT;SEASHELLS;5002.0;8
22100;;;STARFRUIT;SEASHELLS;4997.0;1
22200;;;AMETHYSTS;SEASHELLS;9999.0;11
22400;;;AMETHYSTS;SEASHELLS;9998.0;1
22400;;;AMETHYSTS;SEASHELLS;10000.0;9
22500;;;STARFRUIT;SEASHELLS;5003.0;11
22700;;;STARFRUIT;SEASHELLS;4997.0;1
22800;;;AMETHYSTS;SEASHELLS;9998.0;2
22800;;;STARFRUIT;SEASHELLS;4996.0;1
23200;;;STARFRUIT;SEASHELLS;4997.0;2
23200;;;AMETHYSTS;SEASHELLS;9998.0;2
23300;;;AMETHYSTS;SEASHELLS;9998.0;1
23500;;;STARFRUIT;SEASHELLS;4998.0;1
23700;;;AMETHYSTS;SEASHELLS;10002.0;1
23700;;;AMETHYSTS;SEASHELLS;9998.0;8
23900;;;STARFRUIT;SEASHELLS;5002.0;1
24100;;;STARFRUIT;SEASHELLS;5001.0;1
24100;;;AMETHYSTS;SEASHELLS;9998.0;8
24400;;;AMETHYSTS;SEASHELLS;10002.0;1
24500;;;AMETHYSTS;SEASHELLS;9998.0;2
24500;;;STARFRUIT;SEASHELLS;4998.0;2
24500;;;AMETHYSTS;SEASHELLS;10002.0;1
24600;;;STARFRUIT;SEASHELLS;5001.0;5
24600;;;AMETHYSTS;SEASHELLS;9998.0;2
24900;;;STARFRUIT;SEASHELLS;4999.0;4
24900;;;AMETHYSTS;SEASHELLS;10002.0;1
25100;;;AMETHYSTS;SEASHELLS;10002.0;1
25200;;;AMETHYSTS;SEASHELLS;9998.0;5
25200;;;AMETHYSTS;SEASHELLS;9998.0;3
25200;;;STARFRUIT;SEASHELLS;5001.0;1
25200;;;AMETHYSTS;SEASHELLS;10002.0;1
25300;;;STARFRUIT;SEASHELLS;4995.0;1
25500;;;AMETHYSTS;SEASHELLS;9998.0;1
25500;;;AMETHYSTS;SEASHELLS;9998.0;5
25700;;;AMETHYSTS;SEASHELLS;10000.0;4
25800;;;STARFRUIT;SEASHELLS;4995.0;1
25800;;;AMETHYSTS;SEASHELLS;10002.0;4
26000;;;STARFRUIT;SEASHELLS;4995.0;5
26000;;;STARFRUIT;SEASHELLS;4995.0;2
26100;;;STARFRUIT;SEASHELLS;4997.0;2
26200;;;STARFRUIT;SEASHELLS;4997.0;1
26300;;;STARFRUIT;SEASHELLS;4997.0;1
26300;;;AMETHYSTS;SEASHELLS;9998.0;1
26400;;;STARFRUIT;SEASHELLS;4994.0;1
26600;;;STARFRUIT;SEASHELLS;4996.0;1
26600;;;AMETHYSTS;SEASHELLS;9998.0;1
26900;;;AMETHYSTS;SEASHELLS;10002.0;1
26900;;;STARFRUIT;SEASHELLS;4992.0;1
27300;;;STARFRUIT;SEASHELLS;4996.0;1
27600;;;AMETHYSTS;SEASHELLS;9998.0;4
27600;;;STARFRUIT;SEASHELLS;4992.0;1
27700;;;STARFRUIT;SEASHELLS;4993.0;5
27800;;;STARFRUIT;SEASHELLS;4997.0;1
27900;;;STARFRUIT;SEASHELLS;4998.0;1
28200;;;STARFRUIT;SEASHELLS;4997.0;2
28200;;;STARFRUIT;SEASHELLS;4997.0;5
28200;;;STARFRUIT;SEASHELLS;4997.0;4
28200;;;AMETHYSTS;SEASHELLS;9998.0;2
28300;;;STARFRUIT;SEASHELLS;4994.0;2
28400;;;STARFRUIT;SEASHELLS;4992.0;1
28600;;;AMETHYSTS;SEASHELLS;10002.0;1
29000;;;AMETHYSTS;SEASHELLS;10000.0;8
29000;;;STARFRUIT;SEASHELLS;4990.0;1
29200;;;STARFRUIT;SEASHELLS;4996.0;1
29300;;;STARFRUIT;SEASHELLS;4994.0;1
29400;;;STARFRUIT;SEASHELLS;4991.0;1
29400;;;AMETHYSTS;SEASHELLS;10002.0;1
29400;;;AMETHYSTS;SEASHELLS;10002.0;1
29700;;;STARFRUIT;SEASHELLS;4991.0;1
29900;;;STARFRUIT;SEASHELLS;4993.0;1
30000;;;AMETHYSTS;SEASHELLS;9998.0;3
30000;;;AMETHYSTS;SEASHELLS;9998.0;1
30000;;;AMETHYSTS;SEASHELLS;9998.0;1
30200;;;STARFRUIT;SEASHELLS;4997.0;2
30200;;;STARFRUIT;SEASHELLS;4997.0;8
30300;;;STARFRUIT;SEASHELLS;4994.0;1
30300;;;STARFRUIT;SEASHELLS;4996.0;1
30400;;;AMETHYSTS;SEASHELLS;10000.0;5
30600;;;STARFRUIT;SEASHELLS;4992.0;1
30600;;;AMETHYSTS;SEASHELLS;10000.0;1
30600;;;STARFRUIT;SEASHELLS;4998.0;1
31000;;;AMETHYSTS;SEASHELLS;10000.0;4
31300;;;STARFRUIT;SEASHELLS;4992.0;13
31400;;;AMETHYSTS;SEASHELLS;9998.0;1
31600;;;STARFRUIT;SEASHELLS;4997.0;1
31800;;;AMETHYSTS;SEASHELLS;10000.0;6
31900;;;AMETHYSTS;SEASHELLS;10001.0;2
32400;;;STARFRUIT;SEASHELLS;4991.0;1
32500;;;STARFRUIT;SEASHELLS;4991.0;1
32600;;;AMETHYSTS;SEASHELLS;10002.0;1
32600;;;STARFRUIT;SEASHELLS;4997.0;2
32600;;;AMETHYSTS;SEASHELLS;10005.0;2
32800;;;AMETHYSTS;SEASHELLS;9999.0;9
33000;;;AMETHYSTS;SEASHELLS;10002.0;6
33100;;;STARFRUIT;SEASHELLS;4991.0;1
33200;;;STARFRUIT;SEASHELLS;4991.0;10
33200;;;STARFRUIT;SEASHELLS;4990.0;1
33500;;;STARFRUIT;SEASHELLS;4992.0;1
33500;;;AMETHYSTS;SEASHELLS;10000.0;1
33600;;;STARFRUIT;SEASHELLS;4992.0;3
33600;;;AMETHYSTS;SEASHELLS;10002.0;6
33800;;;STARFRUIT;SEASHELLS;4994.0;1
33800;;;STARFRUIT;SEASHELLS;4994.0;2
33900;;;STARFRUIT;SEASHELLS;4992.0;3
34000;;;STARFRUIT;SEASHELLS;4990.0;1
34000;;;AMETHYSTS;SEASHELLS;10002.0;1
34100;;;AMETHYSTS;SEASHELLS;9999.0;3
34200;;;STARFRUIT;SEASHELLS;4991.0;9
34300;;;AMETHYSTS;SEASHELLS;10002.0;1
34500;;;STARFRUIT;SEASHELLS;4991.0;5
34600;;;STARFRUIT;SEASHELLS;4990.0;1
34600;;;STARFRUIT;SEASHELLS;4992.0;2
34700;;;STARFRUIT;SEASHELLS;4992.0;1
34800;;;STARFRUIT;SEASHELLS;4991.0;1
35000;;;AMETHYSTS;SEASHELLS;10002.0;1
35000;;;STARFRUIT;SEASHELLS;4997.0;1
35100;;;AMETHYSTS;SEASHELLS;10002.0;2
35100;;;AMETHYSTS;SEASHELLS;10002.0;1
35300;;;STARFRUIT;SEASHELLS;4998.0;1
35400;;;STARFRUIT;SEASHELLS;4997.0;1
35400;;;AMETHYSTS;SEASHELLS;10002.0;3
35800;;;STARFRUIT;SEASHELLS;4994.0;2
36100;;;AMETHYSTS;SEASHELLS;10002.0;1
36200;;;AMETHYSTS;SEASHELLS;9998.0;1
36400;;;STARFRUIT;SEASHELLS;4998.0;1
36500;;;STARFRUIT;SEASHELLS;4994.0;2
37300;;;STARFRUIT;SEASHELLS;4992.0;1
37300;;;AMETHYSTS;SEASHELLS;9998.0;10
37400;;;AMETHYSTS;SEASHELLS;10002.0;1
37500;;;STARFRUIT;SEASHELLS;4991.0;1
37500;;;AMETHYSTS;SEASHELLS;9998.0;1
37800;;;STARFRUIT;SEASHELLS;4991.0;1
38000;;;AMETHYSTS;SEASHELLS;10002.0;1
38400;;;STARFRUIT;SEASHELLS;4993.0;6
38500;;;AMETHYSTS;SEASHELLS;10002.0;1
38600;;;AMETHYSTS;SEASHELLS;9998.0;1
38600;;;STARFRUIT;SEASHELLS;4991.0;1
38800;;;AMETHYSTS;SEASHELLS;9998.0;8
39200;;;STARFRUIT;SEASHELLS;4997.0;1
39200;;;AMETHYSTS;SEASHELLS;9998.0;1
39400;;;AMETHYSTS;SEASHELLS;10000.0;1
39400;;;STARFRUIT;SEASHELLS;4998.0;1
39500;;;AMETHYSTS;SEASHELLS;9998.0;1
40300;;;AMETHYSTS;SEASHELLS;9998.0;1
40500;;;STARFRUIT;SEASHELLS;4993.0;1
40500;;;AMETHYSTS;SEASHELLS;10002.0;1
40600;;;STARFRUIT;SEASHELLS;4995.0;1
40900;;;AMETHYSTS;SEASHELLS;9998.0;1
40900;;;STARFRUIT;SEASHELLS;4993.0;1
40900;;;AMETHYSTS;SEASHELLS;10000.0;11
41000;;;STARFRUIT;SEASHELLS;4992.0;1
41100;;;STARFRUIT;SEASHELLS;4991.0;1
41100;;;STARFRUIT;SEASHELLS;4992.0;2
41500;;;STARFRUIT;SEASHELLS;4995.0;5
41700;;;AMETHYSTS;SEASHELLS;10000.0;5
41700;;;STARFRUIT;SEASHELLS;4990.0;1
41700;;;STARFRUIT;SEASHELLS;4993.0;1
41800;;;STARFRUIT;SEASHELLS;4992.0;1
41900;;;AMETHYSTS;SEASHELLS;9998.0;4
41900;;;STARFRUIT;SEASHELLS;4996.0;1
42000;;;STARFRUIT;SEASHELLS;4992.0;1
42000;;;STARFRUIT;SEASHELLS;4990.0;1
42200;;;AMETHYSTS;SEASHELLS;10002.0;1
42300;;;STARFRUIT;SEASHELLS;4991.0;7
42400;;;STARFRUIT;SEASHELLS;4990.0;1
42400;;;STARFRUIT;SEASHELLS;4992.0;3
42500;;;AMETHYSTS;SEASHELLS;10000.0;1
42500;;;STARFRUIT;SEASHELLS;4990.0;1
42500;;;STARFRUIT;SEASHELLS;4992.0;2
42500;;;AMETHYSTS;SEASHELLS;10000.0;5
42600;;;AMETHYSTS;SEASHELLS;9999.0;2
42600;;;STARFRUIT;SEASHELLS;4990.0;2
42800;;;STARFRUIT;SEASHELLS;4992.0;2
42900;;;STARFRUIT;SEASHELLS;4992.0;1
42900;;;AMETHYSTS;SEASHELLS;10001.0;2
43000;;;STARFRUIT;SEASHELLS;4992.0;1
43100;;;STARFRUIT;SEASHELLS;4992.0;1
43500;;;STARFRUIT;SEASHELLS;4990.0;1
43900;;;AMETHYSTS;SEASHELLS;10002.0;4
44100;;;AMETHYSTS;SEASHELLS;9998.0;1
44300;;;STARFRUIT;SEASHELLS;4992.0;1
44500;;;STARFRUIT;SEASHELLS;4995.0;1
44600;;;STARFRUIT;SEASHELLS;4992.0;1
44800;;;AMETHYSTS;SEASHELLS;9998.0;1
45000;;;AMETHYSTS;SEASHELLS;10002.0;1
45400;;;STARFRUIT;SEASHELLS;4988.0;1
45400;;;AMETHYSTS;SEASHELLS;9998.0;1
45500;;;STARFRUIT;SEASHELLS;4990.0;3
45800;;;STARFRUIT;SEASHELLS;4986.0;1
45900;;;AMETHYSTS;SEASHELLS;10001.0;2
45900;;;STARFRUIT;SEASHELLS;4989.0;1
46600;;;STARFRUIT;SEASHELLS;4988.0;2
46600;;;AMETHYSTS;SEASHELLS;9999.0;2
46700;;;STARFRUIT;SEASHELLS;4989.0;1
46800;;;STARFRUIT;SEASHELLS;4989.0;1
46900;;;STARFRUIT;SEASHELLS;4992.0;1
47100;;;AMETHYSTS;SEASHELLS;9998.0;1
47100;;;STARFRUIT;SEASHELLS;4988.0;4
47200;;;AMETHYSTS;SEASHELLS;10002.0;1
47300;;;AMETHYSTS;SEASHELLS;10002.0;1
47400;;;STARFRUIT;SEASHELLS;4990.0;4
47500;;;AMETHYSTS;SEASHELLS;10002.0;4
47900;;;AMETHYSTS;SEASHELLS;10002.0;1
48100;;;AMETHYSTS;SEASHELLS;9999.0;2
48100;;;STARFRUIT;SEASHELLS;4989.0;1
48100;;;STARFRUIT;SEASHELLS;4989.0;1
48300;;;AMETHYSTS;SEASHELLS;9998.0;1
48400;;;STARFRUIT;SEASHELLS;4989.0;1
48500;;;AMETHYSTS;SEASHELLS;9998.0;1
48500;;;STARFRUIT;SEASHELLS;4990.0;1
48600;;;STARFRUIT;SEASHELLS;4990.0;1
48600;;;AMETHYSTS;SEASHELLS;9998.0;1
48600;;;STARFRUIT;SEASHELLS;4989.0;1
49000;;;STARFRUIT;SEASHELLS;4988.0;1
49200;;;STARFRUIT;SEASHELLS;4994.0;1
49300;;;STARFRUIT;SEASHELLS;4988.0;1
49400;;;STARFRUIT;SEASHELLS;4992.0;9
49400;;;STARFRUIT;SEASHELLS;4992.0;5
49500;;;STARFRUIT;SEASHELLS;4994.0;6
49600;;;STARFRUIT;SEASHELLS;4992.0;1
49800;;;STARFRUIT;SEASHELLS;4988.0;5
49900;;;AMETHYSTS;SEASHELLS;9998.0;6
49900;;;STARFRUIT;SEASHELLS;4990.0;2
49900;;;AMETHYSTS;SEASHELLS;10000.0;2
50400;;;AMETHYSTS;SEASHELLS;9998.0;1
50400;;;STARFRUIT;SEASHELLS;4988.0;2
50600;;;AMETHYSTS;SEASHELLS;10002.0;1
50600;;;STARFRUIT;SEASHELLS;4986.0;8
50600;;;AMETHYSTS;SEASHELLS;9999.0;1
50600;;;STARFRUIT;SEASHELLS;4988.0;1
50800;;;AMETHYSTS;SEASHELLS;10002.0;3
50800;;;STARFRUIT;SEASHELLS;4991.0;1
51300;;;STARFRUIT;SEASHELLS;4988.0;8
51300;;;STARFRUIT;SEASHELLS;4988.0;5
51500;;;STARFRUIT;SEASHELLS;4991.0;1
51600;;;AMETHYSTS;SEASHELLS;10002.0;1
51600;;;STARFRUIT;SEASHELLS;4989.0;2
51700;;;STARFRUIT;SEASHELLS;4986.0;4
51700;;;AMETHYSTS;SEASHELLS;9999.0;11
51900;;;AMETHYSTS;SEASHELLS;9998.0;5
51900;;;STARFRUIT;SEASHELLS;4990.0;4
52100;;;AMETHYSTS;SEASHELLS;9998.0;8
52300;;;AMETHYSTS;SEASHELLS;10002.0;1
52300;;;STARFRUIT;SEASHELLS;4990.0;1
52500;;;STARFRUIT;SEASHELLS;4990.0;1
52500;;;AMETHYSTS;SEASHELLS;9998.0;1
52600;;;STARFRUIT;SEASHELLS;4988.0;4
52700;;;STARFRUIT;SEASHELLS;4985.0;1
52900;;;AMETHYSTS;SEASHELLS;10000.0;6
53000;;;AMETHYSTS;SEASHELLS;10002.0;1
53200;;;STARFRUIT;SEASHELLS;4990.0;1
53600;;;AMETHYSTS;SEASHELLS;9998.0;9
53700;;;STARFRUIT;SEASHELLS;4988.0;4
53800;;;AMETHYSTS;SEASHELLS;10002.0;3
53900;;;STARFRUIT;SEASHELLS;4988.0;1
53900;;;AMETHYSTS;SEASHELLS;10000.0;2
53900;;;STARFRUIT;SEASHELLS;4988.0;2
54100;;;STARFRUIT;SEASHELLS;4986.0;1
54100;;;AMETHYSTS;SEASHELLS;9998.0;1
54100;;;STARFRUIT;SEASHELLS;4988.0;2
54200;;;STARFRUIT;SEASHELLS;4988.0;2
54300;;;STARFRUIT;SEASHELLS;4991.0;1
54300;;;AMETHYSTS;SEASHELLS;9998.0;1
54300;;;AMETHYSTS;SEASHELLS;10000.0;3
54300;;;STARFRUIT;SEASHELLS;4986.0;1
54500;;;STARFRUIT;SEASHELLS;4987.0;1
54600;;;STARFRUIT;SEASHELLS;4987.0;1
54600;;;AMETHYSTS;SEASHELLS;10002.0;3
54700;;;STARFRUIT;SEASHELLS;4986.0;1
54700;;;STARFRUIT;SEASHELLS;4986.0;4
55000;;;STARFRUIT;SEASHELLS;4984.0;1
55100;;;STARFRUIT;SEASHELLS;4991.0;2
55100;;;AMETHYSTS;SEASHELLS;10000.0;2
55200;;;STARFRUIT;SEASHELLS;4985.0;5
55300;;;AMETHYSTS;SEASHELLS;9998.0;1
55700;;;STARFRUIT;SEASHELLS;4985.0;1
55700;;;AMETHYSTS;SEASHELLS;9998.0;1
56300;;;AMETHYSTS;SEASHELLS;10002.0;1
56700;;;STARFRUIT;SEASHELLS;4987.0;2
56800;;;AMETHYSTS;SEASHELLS;10002.0;1
57200;;;STARFRUIT;SEASHELLS;4989.0;1
57200;;;AMETHYSTS;SEASHELLS;10002.0;2
57500;;;STARFRUIT;SEASHELLS;4989.0;5
57800;;;AMETHYSTS;SEASHELLS;9998.0;1
57900;;;AMETHYSTS;SEASHELLS;9998.0;1
57900;;;AMETHYSTS;SEASHELLS;10000.0;2
57900;;;STARFRUIT;SEASHELLS;4987.0;2
58000;;;STARFRUIT;SEASHELLS;4990.0;12
58000;;;AMETHYSTS;SEASHELLS;9998.0;4
58100;;;AMETHYSTS;SEASHELLS;10000.0;3
58400;;;STARFRUIT;SEASHELLS;4986.0;4
58400;;;STARFRUIT;SEASHELLS;4986.0;11
58600;;;AMETHYSTS;SEASHELLS;10002.0;1
58600;;;STARFRUIT;SEASHELLS;4986.0;4
58700;;;STARFRUIT;SEASHELLS;4986.0;3
58800;;;AMETHYSTS;SEASHELLS;9998.0;12
58900;;;STARFRUIT;SEASHELLS;4986.0;2
59000;;;STARFRUIT;SEASHELLS;4987.0;1
59100;;;STARFRUIT;SEASHELLS;4990.0;1
59100;;;AMETHYSTS;SEASHELLS;10000.0;1
59300;;;STARFRUIT;SEASHELLS;4983.0;1
59500;;;AMETHYSTS;SEASHELLS;10002.0;5
60000;;;STARFRUIT;SEASHELLS;4989.0;1
60000;;;AMETHYSTS;SEASHELLS;10000.0;1
60000;;;AMETHYSTS;SEASHELLS;9998.0;2
60200;;;AMETHYSTS;SEASHELLS;9998.0;8
60200;;;STARFRUIT;SEASHELLS;4987.0;2
60200;;;STARFRUIT;SEASHELLS;4987.0;1
60200;;;STARFRUIT;SEASHELLS;4987.0;1
60400;;;AMETHYSTS;SEASHELLS;9998.0;1
60700;;;STARFRUIT;SEASHELLS;4988.0;1
60800;;;AMETHYSTS;SEASHELLS;10002.0;10
60800;;;STARFRUIT;SEASHELLS;4983.0;1
60900;;;STARFRUIT;SEASHELLS;4984.0;3
61200;;;STARFRUIT;SEASHELLS;4986.0;2
61200;;;STARFRUIT;SEASHELLS;4986.0;1
61700;;;STARFRUIT;SEASHELLS;4982.0;1
61900;;;STARFRUIT;SEASHELLS;4989.0;2
61900;;;AMETHYSTS;SEASHELLS;10000.0;2
61900;;;AMETHYSTS;SEASHELLS;9998.0;1
62000;;;STARFRUIT;SEASHELLS;4987.0;1
62200;;;STARFRUIT;SEASHELLS;4985.0;11
62200;;;AMETHYSTS;SEASHELLS;10002.0;4
62300;;;AMETHYSTS;SEASHELLS;10000.0;2
62600;;;STARFRUIT;SEASHELLS;4986.0;9
62700;;;STARFRUIT;SEASHELLS;4986.0;2
62800;;;STARFRUIT;SEASHELLS;4984.0;1
62900;;;STARFRUIT;SEASHELLS;4987.0;2
62900;;;AMETHYSTS;SEASHELLS;9998.0;4
63000;;;STARFRUIT;SEASHELLS;4989.0;1
63100;;;STARFRUIT;SEASHELLS;4984.0;1
63400;;;STARFRUIT;SEASHELLS;4988.0;5
63600;;;STARFRUIT;SEASHELLS;4988.0;1
63800;;;STARFRUIT;SEASHELLS;4983.0;1
63900;;;AMETHYSTS;SEASHELLS;9998.0;12
64000;;;STARFRUIT;SEASHELLS;4984.0;1
64000;;;AMETHYSTS;SEASHELLS;9998.0;1
64200;;;AMETHYSTS;SEASHELLS;9998.0;3
64400;;;AMETHYSTS;SEASHELLS;9998.0;4
64500;;;AMETHYSTS;SEASHELLS;9998.0;1
65000;;;AMETHYSTS;SEASHELLS;9998.0;1
65100;;;AMETHYSTS;SEASHELLS;9998.0;3
65300;;;AMETHYSTS;SEASHELLS;9999.0;2
65400;;;STARFRUIT;SEASHELLS;4986.0;3
66000;;;AMETHYSTS;SEASHELLS;9998.0;1
66100;;;AMETHYSTS;SEASHELLS;9998.0;1
66200;;;AMETHYSTS;SEASHELLS;10000.0;5
66200;;;AMETHYSTS;SEASHELLS;10002.0;1
66300;;;STARFRUIT;SEASHELLS;4988.0;1
66400;;;AMETHYSTS;SEASHELLS;9998.0;3
66900;;;STARFRUIT;SEASHELLS;4989.0;1
67100;;;STARFRUIT;SEASHELLS;4990.0;9
67200;;;STARFRUIT;SEASHELLS;4984.0;1
67300;;;AMETHYSTS;SEASHELLS;9998.0;3
67300;;;AMETHYSTS;SEASHELLS;9998.0;5
67500;;;STARFRUIT;SEASHELLS;4983.0;1
67600;;;STARFRUIT;SEASHELLS;4990.0;12
68000;;;STARFRUIT;SEASHELLS;4985.0;6
68100;;;AMETHYSTS;SEASHELLS;9998.0;2
68100;;;STARFRUIT;SEASHELLS;4986.0;4
68200;;;STARFRUIT;SEASHELLS;4989.0;1
68300;;;STARFRUIT;SEASHELLS;4989.0;1
68600;;;STARFRUIT;SEASHELLS;4984.0;1
68800;;;AMETHYSTS;SEASHELLS;9998.0;1
68900;;;STARFRUIT;SEASHELLS;4990.0;1
69100;;;STARFRUIT;SEASHELLS;4990.0;1
69100;;;STARFRUIT;SEASHELLS;4986.0;8
69200;;;STARFRUIT;SEASHELLS;4989.0;2
69200;;;STARFRUIT;SEASHELLS;4990.0;1
69300;;;AMETHYSTS;SEASHELLS;9998.0;1
69300;;;STARFRUIT;SEASHELLS;4990.0;1
69400;;;AMETHYSTS;SEASHELLS;10002.0;1
69600;;;STARFRUIT;SEASHELLS;4985.0;1
69700;;;STARFRUIT;SEASHELLS;4985.0;1
69700;;;AMETHYSTS;SEASHELLS;9998.0;2
69700;;;AMETHYSTS;SEASHELLS;10002.0;1
69700;;;STARFRUIT;SEASHELLS;4985.0;1
70100;;;STARFRUIT;SEASHELLS;4985.0;1
70200;;;STARFRUIT;SEASHELLS;4987.0;1
70300;;;AMETHYSTS;SEASHELLS;9998.0;2
70600;;;AMETHYSTS;SEASHELLS;9997.0;2
70600;;;STARFRUIT;SEASHELLS;4985.0;2
70800;;;STARFRUIT;SEASHELLS;4984.0;1
70800;;;AMETHYSTS;SEASHELLS;10002.0;1
71200;;;AMETHYSTS;SEASHELLS;10002.0;1
71200;;;STARFRUIT;SEASHELLS;4983.0;1
71500;;;AMETHYSTS;SEASHELLS;10002.0;3
71500;;;AMETHYSTS;SEASHELLS;10002.0;1
71600;;;AMETHYSTS;SEASHELLS;9998.0;1
71600;;;AMETHYSTS;SEASHELLS;9998.0;2
71700;;;STARFRUIT;SEASHELLS;4984.0;8
71800;;;AMETHYSTS;SEASHELLS;10002.0;1
71900;;;STARFRUIT;SEASHELLS;4986.0;1
71900;;;AMETHYSTS;SEASHELLS;10002.0;1
72000;;;STARFRUIT;SEASHELLS;4989.0;1
72200;;;STARFRUIT;SEASHELLS;4988.0;1
72200;;;STARFRUIT;SEASHELLS;4988.0;2
72400;;;AMETHYSTS;SEASHELLS;10002.0;1
72500;;;AMETHYSTS;SEASHELLS;10000.0;1
72500;;;STARFRUIT;SEASHELLS;4992.0;1
72600;;;STARFRUIT;SEASHELLS;4986.0;4
72900;;;AMETHYSTS;SEASHELLS;10000.0;1
72900;;;STARFRUIT;SEASHELLS;4991.0;1
73000;;;STARFRUIT;SEASHELLS;4984.0;1
73000;;;AMETHYSTS;SEASHELLS;10002.0;1
73100;;;AMETHYSTS;SEASHELLS;10002.0;1
73400;;;AMETHYSTS;SEASHELLS;9998.0;1
73900;;;STARFRUIT;SEASHELLS;4983.0;3
73900;;;STARFRUIT;SEASHELLS;4983.0;5
74000;;;STARFRUIT;SEASHELLS;4985.0;1
74000;;;AMETHYSTS;SEASHELLS;10002.0;1
74100;;;AMETHYSTS;SEASHELLS;10000.0;6
74300;;;STARFRUIT;SEASHELLS;4982.0;1
74500;;;AMETHYSTS;SEASHELLS;10000.0;3
74600;;;AMETHYSTS;SEASHELLS;10002.0;1
74900;;;AMETHYSTS;SEASHELLS;10002.0;1
75000;;;STARFRUIT;SEASHELLS;4987.0;1
75000;;;AMETHYSTS;SEASHELLS;9998.0;9
75000;;;AMETHYSTS;SEASHELLS;9998.0;1
75200;;;STARFRUIT;SEASHELLS;4986.0;2
75200;;;STARFRUIT;SEASHELLS;4986.0;1
75500;;;STARFRUIT;SEASHELLS;4984.0;2
75500;;;AMETHYSTS;SEASHELLS;9998.0;2
75600;;;AMETHYSTS;SEASHELLS;10002.0;1
75600;;;STARFRUIT;SEASHELLS;4986.0;2
75900;;;STARFRUIT;SEASHELLS;4984.0;6
76000;;;STARFRUIT;SEASHELLS;4985.0;4
76100;;;AMETHYSTS;SEASHELLS;9998.0;1
76100;;;STARFRUIT;SEASHELLS;4986.0;1
76200;;;STARFRUIT;SEASHELLS;4986.0;1
76200;;;STARFRUIT;SEASHELLS;4984.0;2
76200;;;STARFRUIT;SEASHELLS;4984.0;12
76300;;;STARFRUIT;SEASHELLS;4985.0;4
76400;;;STARFRUIT;SEASHELLS;4984.0;3
76500;;;STARFRUIT;SEASHELLS;4984.0;2
76800;;;STARFRUIT;SEASHELLS;4984.0;1
76900;;;STARFRUIT;SEASHELLS;4984.0;5
77000;;;AMETHYSTS;SEASHELLS;10000.0;2
77000;;;STARFRUIT;SEASHELLS;4985.0;1
77100;;;AMETHYSTS;SEASHELLS;10000.0;3
77100;;;STARFRUIT;SEASHELLS;4987.0;1
77100;;;STARFRUIT;SEASHELLS;4987.0;1
77200;;;STARFRUIT;SEASHELLS;4989.0;1
77200;;;STARFRUIT;SEASHELLS;4984.0;1
77600;;;STARFRUIT;SEASHELLS;4984.0;2
77600;;;STARFRUIT;SEASHELLS;4984.0;3
77900;;;AMETHYSTS;SEASHELLS;10002.0;3
78000;;;AMETHYSTS;SEASHELLS;9998.0;11
78100;;;AMETHYSTS;SEASHELLS;10002.0;1
78100;;;STARFRUIT;SEASHELLS;4985.0;3
78100;;;STARFRUIT;SEASHELLS;4984.0;1
78700;;;STARFRUIT;SEASHELLS;4984.0;2
78700;;;AMETHYSTS;SEASHELLS;9998.0;1
78800;;;AMETHYSTS;SEASHELLS;10002.0;1
78900;;;AMETHYSTS;SEASHELLS;10002.0;1
79000;;;AMETHYSTS;SEASHELLS;10000.0;11
79000;;;STARFRUIT;SEASHELLS;4984.0;3
79100;;;STARFRUIT;SEASHELLS;4983.0;1
79200;;;AMETHYSTS;SEASHELLS;9998.0;3
79400;;;STARFRUIT;SEASHELLS;4982.0;1
79800;;;AMETHYSTS;SEASHELLS;10002.0;1
79900;;;STARFRUIT;SEASHELLS;4981.0;1
79900;;;AMETHYSTS;SEASHELLS;9998.0;3
80100;;;STARFRUIT;SEASHELLS;4985.0;4
80800;;;STARFRUIT;SEASHELLS;4986.0;1
80900;;;STARFRUIT;SEASHELLS;4982.0;1
81100;;;STARFRUIT;SEASHELLS;4986.0;1
81800;;;AMETHYSTS;SEASHELLS;10002.0;1
81900;;;AMETHYSTS;SEASHELLS;10000.0;12
81900;;;AMETHYSTS;SEASHELLS;9998.0;1
82200;;;AMETHYSTS;SEASHELLS;10002.0;1
82500;;;STARFRUIT;SEASHELLS;4981.0;1
82600;;;STARFRUIT;SEASHELLS;4982.0;1
82900;;;AMETHYSTS;SEASHELLS;9998.0;1
83100;;;STARFRUIT;SEASHELLS;4983.0;3
83100;;;STARFRUIT;SEASHELLS;4983.0;1
83100;;;AMETHYSTS;SEASHELLS;9998.0;1
83300;;;AMETHYSTS;SEASHELLS;10000.0;1
83300;;;STARFRUIT;SEASHELLS;4989.0;1
83700;;;STARFRUIT;SEASHELLS;4982.0;1
84000;;;AMETHYSTS;SEASHELLS;9998.0;1
84200;;;STARFRUIT;SEASHELLS;4982.0;1
84500;;;STARFRUIT;SEASHELLS;4983.0;1
84600;;;AMETHYSTS;SEASHELLS;9998.0;9
84600;;;STARFRUIT;SEASHELLS;4988.0;1
84600;;;AMETHYSTS;SEASHELLS;9998.0;1
84700;;;AMETHYSTS;SEASHELLS;9998.0;3
84800;;;AMETHYSTS;SEASHELLS;10000.0;7
85700;;;AMETHYSTS;SEASHELLS;9998.0;1
85700;;;AMETHYSTS;SEASHELLS;10002.0;2
85700;;;STARFRUIT;SEASHELLS;4987.0;4
85800;;;STARFRUIT;SEASHELLS;4983.0;1
85900;;;AMETHYSTS;SEASHELLS;9998.0;1
86000;;;AMETHYSTS;SEASHELLS;10000.0;5
86100;;;AMETHYSTS;SEASHELLS;10002.0;1
86300;;;STARFRUIT;SEASHELLS;4982.0;13
86300;;;STARFRUIT;SEASHELLS;4989.0;14
86700;;;STARFRUIT;SEASHELLS;4983.0;1
86700;;;AMETHYSTS;SEASHELLS;9998.0;1
86700;;;AMETHYSTS;SEASHELLS;10000.0;1
86800;;;AMETHYSTS;SEASHELLS;10002.0;5
87400;;;STARFRUIT;SEASHELLS;4983.0;1
87700;;;STARFRUIT;SEASHELLS;4982.0;1
88100;;;AMETHYSTS;SEASHELLS;9998.0;1
88200;;;AMETHYSTS;SEASHELLS;10002.0;5
88300;;;STARFRUIT;SEASHELLS;4985.0;1
88400;;;AMETHYSTS;SEASHELLS;9998.0;8
88500;;;STARFRUIT;SEASHELLS;4991.0;1
88500;;;AMETHYSTS;SEASHELLS;10002.0;9
88600;;;STARFRUIT;SEASHELLS;4988.0;5
88600;;;STARFRUIT;SEASHELLS;4986.0;2
88900;;;STARFRUIT;SEASHELLS;4984.0;1
89100;;;STARFRUIT;SEASHELLS;4990.0;1
89100;;;AMETHYSTS;SEASHELLS;10000.0;1
89200;;;AMETHYSTS;SEASHELLS;9998.0;2
89200;;;STARFRUIT;SEASHELLS;4984.0;2
89200;;;AMETHYSTS;SEASHELLS;10002.0;1
89300;;;STARFRUIT;SEASHELLS;4991.0;8
89800;;;STARFRUIT;SEASHELLS;4984.0;1
90000;;;AMETHYSTS;SEASHELLS;9998.0;1
90100;;;AMETHYSTS;SEASHELLS;10002.0;3
90300;;;STARFRUIT;SEASHELLS;4984.0;1
90300;;;AMETHYSTS;SEASHELLS;9998.0;1
90700;;;AMETHYSTS;SEASHELLS;10002.0;1
90800;;;STARFRUIT;SEASHELLS;4984.0;2
90800;;;AMETHYSTS;SEASHELLS;9998.0;2
90800;;;STARFRUIT;SEASHELLS;4991.0;13
90900;;;STARFRUIT;SEASHELLS;4990.0;1
91000;;;STARFRUIT;SEASHELLS;4990.0;1
91100;;;STARFRUIT;SEASHELLS;4985.0;2
91100;;;AMETHYSTS;SEASHELLS;9998.0;2
91600;;;AMETHYSTS;SEASHELLS;10000.0;2
91700;;;AMETHYSTS;SEASHELLS;9998.0;1
91700;;;STARFRUIT;SEASHELLS;4990.0;4
91700;;;STARFRUIT;SEASHELLS;4991.0;1
91900;;;AMETHYSTS;SEASHELLS;10000.0;3
92100;;;AMETHYSTS;SEASHELLS;9998.0;1
92300;;;STARFRUIT;SEASHELLS;4986.0;1
92300;;;AMETHYSTS;SEASHELLS;9998.0;1
92400;;;AMETHYSTS;SEASHELLS;9998.0;1
92400;;;STARFRUIT;SEASHELLS;4986.0;1
92700;;;STARFRUIT;SEASHELLS;4986.0;1
92700;;;AMETHYSTS;SEASHELLS;10002.0;1
92700;;;AMETHYSTS;SEASHELLS;10002.0;2
92700;;;STARFRUIT;SEASHELLS;4987.0;4
92700;;;STARFRUIT;SEASHELLS;4987.0;11
93100;;;STARFRUIT;SEASHELLS;4990.0;3
93200;;;AMETHYSTS;SEASHELLS;9998.0;1
93200;;;STARFRUIT;SEASHELLS;4990.0;1
93300;;;STARFRUIT;SEASHELLS;4990.0;1
93400;;;AMETHYSTS;SEASHELLS;9998.0;2
93400;;;STARFRUIT;SEASHELLS;4986.0;2
93400;;;AMETHYSTS;SEASHELLS;9998.0;3
93400;;;STARFRUIT;SEASHELLS;4986.0;8
93500;;;STARFRUIT;SEASHELLS;4989.0;2
93500;;;STARFRUIT;SEASHELLS;4987.0;5
93500;;;AMETHYSTS;SEASHELLS;10000.0;2
93600;;;STARFRUIT;SEASHELLS;4987.0;2
93700;;;AMETHYSTS;SEASHELLS;10002.0;1
93800;;;AMETHYSTS;SEASHELLS;9998.0;1
93900;;;STARFRUIT;SEASHELLS;4986.0;1
93900;;;AMETHYSTS;SEASHELLS;9998.0;1
94000;;;AMETHYSTS;SEASHELLS;10002.0;4
94100;;;AMETHYSTS;SEASHELLS;9998.0;1
94100;;;STARFRUIT;SEASHELLS;4987.0;1
94200;;;AMETHYSTS;SEASHELLS;10002.0;1
94300;;;AMETHYSTS;SEASHELLS;10002.0;1
94300;;;STARFRUIT;SEASHELLS;4988.0;1
94600;;;AMETHYSTS;SEASHELLS;9998.0;1
94600;;;AMETHYSTS;SEASHELLS;10000.0;7
94700;;;AMETHYSTS;SEASHELLS;10002.0;1
94800;;;STARFRUIT;SEASHELLS;4990.0;1
94800;;;AMETHYSTS;SEASHELLS;10001.0;1
94900;;;AMETHYSTS;SEASHELLS;9998.0;1
95000;;;STARFRUIT;SEASHELLS;4991.0;1
95600;;;STARFRUIT;SEASHELLS;4986.0;1
95600;;;AMETHYSTS;SEASHELLS;10001.0;1
95600;;;STARFRUIT;SEASHELLS;4993.0;1
96100;;;STARFRUIT;SEASHELLS;4993.0;6
96200;;;STARFRUIT;SEASHELLS;4986.0;1
96200;;;AMETHYSTS;SEASHELLS;10005.0;1
96200;;;AMETHYSTS;SEASHELLS;9998.0;5
96200;;;STARFRUIT;SEASHELLS;4993.0;1
96200;;;AMETHYSTS;SEASHELLS;10004.0;2
96300;;;STARFRUIT;SEASHELLS;4987.0;1
96800;;;AMETHYSTS;SEASHELLS;10002.0;3
97000;;;AMETHYSTS;SEASHELLS;10001.0;2
97200;;;AMETHYSTS;SEASHELLS;9999.0;2
97200;;;STARFRUIT;SEASHELLS;4986.0;2
97300;;;STARFRUIT;SEASHELLS;4987.0;1
97700;;;STARFRUIT;SEASHELLS;4993.0;1
97900;;;STARFRUIT;SEASHELLS;4988.0;1
98100;;;AMETHYSTS;SEASHELLS;9998.0;1
98100;;;STARFRUIT;SEASHELLS;4988.0;14
98300;;;STARFRUIT;SEASHELLS;4992.0;1
98300;;;AMETHYSTS;SEASHELLS;9999.0;1
98400;;;STARFRUIT;SEASHELLS;4987.0;10
98800;;;AMETHYSTS;SEASHELLS;10002.0;1
98800;;;AMETHYSTS;SEASHELLS;10000.0;3
99000;;;STARFRUIT;SEASHELLS;4988.0;1
99600;;;STARFRUIT;SEASHELLS;4995.0;8
99900;;;STARFRUIT;SEASHELLS;4987.0;1
99900;;;AMETHYSTS;SEASHELLS;10002.0;1
100100;;;STARFRUIT;SEASHELLS;4994.0;15
100100;;;AMETHYSTS;SEASHELLS;10002.0;1
100200;;;AMETHYSTS;SEASHELLS;9998.0;1
100600;;;AMETHYSTS;SEASHELLS;10004.0;1
100600;;;STARFRUIT;SEASHELLS;4991.0;1
100900;;;STARFRUIT;SEASHELLS;4988.0;8
101000;;;STARFRUIT;SEASHELLS;4989.0;4
101000;;;STARFRUIT;SEASHELLS;4989.0;2
101200;;;STARFRUIT;SEASHELLS;4987.0;1
101200;;;STARFRUIT;SEASHELLS;4990.0;1
101200;;;AMETHYSTS;SEASHELLS;10005.0;1
101300;;;AMETHYSTS;SEASHELLS;9998.0;2
101500;;;STARFRUIT;SEASHELLS;4987.0;1
101500;;;AMETHYSTS;SEASHELLS;9998.0;3
101600;;;STARFRUIT;SEASHELLS;4987.0;1
101600;;;STARFRUIT;SEASHELLS;4988.0;5
101700;;;AMETHYSTS;SEASHELLS;9999.0;8
102000;;;AMETHYSTS;SEASHELLS;10002.0;1
102200;;;STARFRUIT;SEASHELLS;4990.0;1
102300;;;AMETHYSTS;SEASHELLS;9998.0;4
102400;;;STARFRUIT;SEASHELLS;4991.0;2
102400;;;STARFRUIT;SEASHELLS;4989.0;5
102400;;;STARFRUIT;SEASHELLS;4989.0;10
102400;;;AMETHYSTS;SEASHELLS;10000.0;2
102600;;;STARFRUIT;SEASHELLS;4986.0;2
102600;;;AMETHYSTS;SEASHELLS;9998.0;1
102600;;;AMETHYSTS;SEASHELLS;9998.0;2
102700;;;STARFRUIT;SEASHELLS;4988.0;1
102700;;;AMETHYSTS;SEASHELLS;10000.0;2
103400;;;STARFRUIT;SEASHELLS;4984.0;1
103400;;;STARFRUIT;SEASHELLS;4987.0;5
103400;;;AMETHYSTS;SEASHELLS;10002.0;1
103400;;;STARFRUIT;SEASHELLS;4991.0;2
103400;;;AMETHYSTS;SEASHELLS;10000.0;2
103900;;;AMETHYSTS;SEASHELLS;10000.0;5
104000;;;STARFRUIT;SEASHELLS;4989.0;1
104200;;;STARFRUIT;SEASHELLS;4984.0;1
104300;;;STARFRUIT;SEASHELLS;4987.0;2
104300;;;STARFRUIT;SEASHELLS;4984.0;1
104700;;;STARFRUIT;SEASHELLS;4986.0;1
104800;;;STARFRUIT;SEASHELLS;4986.0;1
105200;;;STARFRUIT;SEASHELLS;4986.0;1
105200;;;STARFRUIT;SEASHELLS;4990.0;6
105200;;;STARFRUIT;SEASHELLS;4990.0;1
105300;;;STARFRUIT;SEASHELLS;4991.0;1
105700;;;STARFRUIT;SEASHELLS;4991.0;1
105800;;;STARFRUIT;SEASHELLS;4991.0;7
105800;;;AMETHYSTS;SEASHELLS;10002.0;3
106000;;;STARFRUIT;SEASHELLS;4986.0;4
106100;;;STARFRUIT;SEASHELLS;4988.0;1
106100;;;AMETHYSTS;SEASHELLS;10004.0;1
106300;;;AMETHYSTS;SEASHELLS;9998.0;1
106300;;;STARFRUIT;SEASHELLS;4984.0;1
106300;;;AMETHYSTS;SEASHELLS;9998.0;2
106300;;;STARFRUIT;SEASHELLS;4987.0;4
106300;;;STARFRUIT;SEASHELLS;4987.0;1
106400;;;STARFRUIT;SEASHELLS;4986.0;6
106600;;;STARFRUIT;SEASHELLS;4986.0;3
106600;;;AMETHYSTS;SEASHELLS;9998.0;2
106600;;;AMETHYSTS;SEASHELLS;9998.0;3
106600;;;AMETHYSTS;SEASHELLS;9998.0;1
106700;;;AMETHYSTS;SEASHELLS;9998.0;1
106800;;;AMETHYSTS;SEASHELLS;10002.0;1
106900;;;STARFRUIT;SEASHELLS;4986.0;2
107000;;;STARFRUIT;SEASHELLS;4984.0;2
107100;;;AMETHYSTS;SEASHELLS;9998.0;1
107100;;;STARFRUIT;SEASHELLS;4986.0;2
107300;;;AMETHYSTS;SEASHELLS;9998.0;7
107300;;;STARFRUIT;SEASHELLS;4986.0;1
107400;;;STARFRUIT;SEASHELLS;4987.0;1
107500;;;STARFRUIT;SEASHELLS;4985.0;8
107600;;;STARFRUIT;SEASHELLS;4989.0;1
107700;;;AMETHYSTS;SEASHELLS;10000.0;10
108000;;;AMETHYSTS;SEASHELLS;9998.0;11
108100;;;AMETHYSTS;SEASHELLS;9998.0;1
108400;;;STARFRUIT;SEASHELLS;4987.0;1
108500;;;STARFRUIT;SEASHELLS;4983.0;1
108600;;;STARFRUIT;SEASHELLS;4986.0;1
108600;;;AMETHYSTS;SEASHELLS;9998.0;1
108600;;;STARFRUIT;SEASHELLS;4986.0;8
108600;;;AMETHYSTS;SEASHELLS;9998.0;3
108700;;;STARFRUIT;SEASHELLS;4986.0;7
108800;;;STARFRUIT;SEASHELLS;4986.0;4
108900;;;STARFRUIT;SEASHELLS;4986.0;3
109000;;;STARFRUIT;SEASHELLS;4982.0;1
109100;;;STARFRUIT;SEASHELLS;4983.0;1
109300;;;STARFRUIT;SEASHELLS;4982.0;1
109300;;;STARFRUIT;SEASHELLS;4985.0;9
109500;;;STARFRUIT;SEASHELLS;4984.0;7
109600;;;STARFRUIT;SEASHELLS;4984.0;5
109600;;;AMETHYSTS;SEASHELLS;9998.0;1
109700;;;STARFRUIT;SEASHELLS;4984.0;3
109700;;;STARFRUIT;SEASHELLS;4984.0;1
109800;;;AMETHYSTS;SEASHELLS;10002.0;1
109800;;;STARFRUIT;SEASHELLS;4984.0;3
109900;;;AMETHYSTS;SEASHELLS;10002.0;1
110000;;;STARFRUIT;SEASHELLS;4985.0;2
110100;;;STARFRUIT;SEASHELLS;4983.0;1
110400;;;STARFRUIT;SEASHELLS;4983.0;1
110500;;;STARFRUIT;SEASHELLS;4984.0;1
110600;;;STARFRUIT;SEASHELLS;4988.0;1
110600;;;AMETHYSTS;SEASHELLS;10002.0;8
110700;;;STARFRUIT;SEASHELLS;4986.0;1
111000;;;AMETHYSTS;SEASHELLS;9998.0;1
111100;;;AMETHYSTS;SEASHELLS;9998.0;4
111200;;;AMETHYSTS;SEASHELLS;9998.0;8
111300;;;AMETHYSTS;SEASHELLS;9998.0;3
111300;;;STARFRUIT;SEASHELLS;4982.0;1
111600;;;AMETHYSTS;SEASHELLS;10000.0;10
111700;;;STARFRUIT;SEASHELLS;4982.0;1
112200;;;AMETHYSTS;SEASHELLS;9998.0;1
112200;;;AMETHYSTS;SEASHELLS;9998.0;4
112200;;;STARFRUIT;SEASHELLS;4985.0;1
112700;;;STARFRUIT;SEASHELLS;4982.0;4
112700;;;AMETHYSTS;SEASHELLS;10000.0;5
112800;;;STARFRUIT;SEASHELLS;4983.0;3
113000;;;AMETHYSTS;SEASHELLS;10002.0;6
113000;;;AMETHYSTS;SEASHELLS;10002.0;4
113300;;;STARFRUIT;SEASHELLS;4981.0;5
113700;;;STARFRUIT;SEASHELLS;4979.0;1
113800;;;AMETHYSTS;SEASHELLS;10002.0;1
113900;;;STARFRUIT;SEASHELLS;4981.0;2
114000;;;AMETHYSTS;SEASHELLS;9998.0;11
114100;;;STARFRUIT;SEASHELLS;4984.0;1
114600;;;AMETHYSTS;SEASHELLS;10002.0;1
114800;;;STARFRUIT;SEASHELLS;4982.0;1
115100;;;STARFRUIT;SEASHELLS;4985.0;1
115200;;;STARFRUIT;SEASHELLS;4983.0;2
115300;;;AMETHYSTS;SEASHELLS;9998.0;1
115400;;;STARFRUIT;SEASHELLS;4982.0;11
115400;;;STARFRUIT;SEASHELLS;4982.0;1
115500;;;AMETHYSTS;SEASHELLS;9998.0;2
115500;;;STARFRUIT;SEASHELLS;4983.0;4
115500;;;STARFRUIT;SEASHELLS;4983.0;2
115600;;;STARFRUIT;SEASHELLS;4982.0;4
115700;;;STARFRUIT;SEASHELLS;4984.0;1
115700;;;STARFRUIT;SEASHELLS;4982.0;1
116000;;;STARFRUIT;SEASHELLS;4979.0;1
116100;;;AMETHYSTS;SEASHELLS;10000.0;9
116500;;;STARFRUIT;SEASHELLS;4984.0;2
116500;;;STARFRUIT;SEASHELLS;4984.0;13
116700;;;AMETHYSTS;SEASHELLS;10002.0;1
116800;;;AMETHYSTS;SEASHELLS;10002.0;3
117400;;;STARFRUIT;SEASHELLS;4981.0;11
117500;;;STARFRUIT;SEASHELLS;4979.0;2
117700;;;STARFRUIT;SEASHELLS;4982.0;10
117900;;;AMETHYSTS;SEASHELLS;9998.0;1
117900;;;STARFRUIT;SEASHELLS;4979.0;1
117900;;;STARFRUIT;SEASHELLS;4978.0;4
118100;;;AMETHYSTS;SEASHELLS;10002.0;1
118200;;;STARFRUIT;SEASHELLS;4977.0;1
118300;;;STARFRUIT;SEASHELLS;4976.0;1
118500;;;STARFRUIT;SEASHELLS;4975.0;1
118600;;;STARFRUIT;SEASHELLS;4978.0;2
118700;;;AMETHYSTS;SEASHELLS;9998.0;8
118700;;;STARFRUIT;SEASHELLS;4978.0;1
118700;;;STARFRUIT;SEASHELLS;4976.0;10
118800;;;STARFRUIT;SEASHELLS;4978.0;4
118900;;;STARFRUIT;SEASHELLS;4978.0;3
119000;;;STARFRUIT;SEASHELLS;4978.0;2
119100;;;STARFRUIT;SEASHELLS;4979.0;1
119100;;;STARFRUIT;SEASHELLS;4979.0;1
119300;;;AMETHYSTS;SEASHELLS;9998.0;1
119500;;;STARFRUIT;SEASHELLS;4977.0;5
119600;;;STARFRUIT;SEASHELLS;4974.0;1
119800;;;STARFRUIT;SEASHELLS;4979.0;1
119800;;;AMETHYSTS;SEASHELLS;10000.0;4
119900;;;STARFRUIT;SEASHELLS;4974.0;1
119900;;;AMETHYSTS;SEASHELLS;10002.0;1
119900;;;STARFRUIT;SEASHELLS;4977.0;2
120000;;;AMETHYSTS;SEASHELLS;10002.0;1
120200;;;STARFRUIT;SEASHELLS;4976.0;2
120200;;;AMETHYSTS;SEASHELLS;10002.0;1
120400;;;STARFRUIT;SEASHELLS;4974.0;2
120500;;;STARFRUIT;SEASHELLS;4974.0;3
120600;;;STARFRUIT;SEASHELLS;4973.0;1
120700;;;STARFRUIT;SEASHELLS;4975.0;3
120900;;;STARFRUIT;SEASHELLS;4975.0;2
121000;;;STARFRUIT;SEASHELLS;4975.0;1
121100;;;STARFRUIT;SEASHELLS;4974.0;1
121100;;;AMETHYSTS;SEASHELLS;10000.0;11
121100;;;STARFRUIT;SEASHELLS;4975.0;1
121200;;;STARFRUIT;SEASHELLS;4976.0;1
121400;;;AMETHYSTS;SEASHELLS;10002.0;1
121400;;;AMETHYSTS;SEASHELLS;10002.0;4
121500;;;STARFRUIT;SEASHELLS;4980.0;1
121500;;;AMETHYSTS;SEASHELLS;10002.0;1
121600;;;AMETHYSTS;SEASHELLS;9999.0;1
121600;;;STARFRUIT;SEASHELLS;4975.0;1
121800;;;AMETHYSTS;SEASHELLS;10002.0;1
121900;;;STARFRUIT;SEASHELLS;4979.0;1
122100;;;STARFRUIT;SEASHELLS;4974.0;2
122100;;;AMETHYSTS;SEASHELLS;9999.0;2
122300;;;STARFRUIT;SEASHELLS;4974.0;7
122300;;;STARFRUIT;SEASHELLS;4980.0;1
122300;;;STARFRUIT;SEASHELLS;4974.0;3
122300;;;STARFRUIT;SEASHELLS;4980.0;8
122300;;;AMETHYSTS;SEASHELLS;10001.0;1
122500;;;STARFRUIT;SEASHELLS;4975.0;5
122600;;;STARFRUIT;SEASHELLS;4979.0;1
122800;;;STARFRUIT;SEASHELLS;4976.0;1
122900;;;STARFRUIT;SEASHELLS;4978.0;1
123200;;;STARFRUIT;SEASHELLS;4974.0;4
123300;;;STARFRUIT;SEASHELLS;4976.0;3
123700;;;AMETHYSTS;SEASHELLS;10002.0;2
123700;;;AMETHYSTS;SEASHELLS;10002.0;4
123800;;;AMETHYSTS;SEASHELLS;9998.0;1
123800;;;STARFRUIT;SEASHELLS;4977.0;1
124100;;;STARFRUIT;SEASHELLS;4973.0;3
124100;;;STARFRUIT;SEASHELLS;4975.0;3
124100;;;STARFRUIT;SEASHELLS;4975.0;5
124500;;;STARFRUIT;SEASHELLS;4972.0;3
124500;;;AMETHYSTS;SEASHELLS;9998.0;5
124600;;;STARFRUIT;SEASHELLS;4976.0;9
124600;;;STARFRUIT;SEASHELLS;4976.0;1
124700;;;AMETHYSTS;SEASHELLS;9998.0;1
124800;;;AMETHYSTS;SEASHELLS;9998.0;1
124800;;;STARFRUIT;SEASHELLS;4973.0;1
125000;;;STARFRUIT;SEASHELLS;4975.0;4
125100;;;STARFRUIT;SEASHELLS;4974.0;14
125200;;;AMETHYSTS;SEASHELLS;10002.0;4
125300;;;STARFRUIT;SEASHELLS;4973.0;16
125300;;;STARFRUIT;SEASHELLS;4970.0;1
125400;;;STARFRUIT;SEASHELLS;4972.0;4
125400;;;AMETHYSTS;SEASHELLS;9998.0;1
125500;;;STARFRUIT;SEASHELLS;4972.0;11
125700;;;AMETHYSTS;SEASHELLS;9998.0;2
125800;;;AMETHYSTS;SEASHELLS;10000.0;2
125800;;;AMETHYSTS;SEASHELLS;9998.0;1
125800;;;STARFRUIT;SEASHELLS;4974.0;2
125900;;;STARFRUIT;SEASHELLS;4971.0;6
126100;;;AMETHYSTS;SEASHELLS;10002.0;1
126200;;;AMETHYSTS;SEASHELLS;10002.0;4
126200;;;AMETHYSTS;SEASHELLS;10002.0;3
126400;;;STARFRUIT;SEASHELLS;4969.0;1
126800;;;STARFRUIT;SEASHELLS;4972.0;9
126900;;;STARFRUIT;SEASHELLS;4972.0;6
127000;;;STARFRUIT;SEASHELLS;4972.0;4
127200;;;STARFRUIT;SEASHELLS;4972.0;3
127300;;;STARFRUIT;SEASHELLS;4971.0;2
127500;;;STARFRUIT;SEASHELLS;4969.0;1
127500;;;AMETHYSTS;SEASHELLS;9998.0;3
127700;;;STARFRUIT;SEASHELLS;4969.0;2
127800;;;STARFRUIT;SEASHELLS;4969.0;1
128000;;;STARFRUIT;SEASHELLS;4974.0;1
128100;;;STARFRUIT;SEASHELLS;4970.0;1
128100;;;AMETHYSTS;SEASHELLS;9999.0;2
128100;;;STARFRUIT;SEASHELLS;4969.0;2
128200;;;STARFRUIT;SEASHELLS;4968.0;2
128200;;;AMETHYSTS;SEASHELLS;9998.0;2
128200;;;AMETHYSTS;SEASHELLS;10002.0;1
128800;;;STARFRUIT;SEASHELLS;4969.0;2
128800;;;AMETHYSTS;SEASHELLS;9998.0;2
128900;;;AMETHYSTS;SEASHELLS;10002.0;2
128900;;;STARFRUIT;SEASHELLS;4974.0;4
128900;;;STARFRUIT;SEASHELLS;4975.0;1
129200;;;STARFRUIT;SEASHELLS;4974.0;2
129200;;;AMETHYSTS;SEASHELLS;10000.0;2
129600;;;STARFRUIT;SEASHELLS;4970.0;1
129700;;;AMETHYSTS;SEASHELLS;10000.0;3
129700;;;AMETHYSTS;SEASHELLS;10000.0;4
130100;;;AMETHYSTS;SEASHELLS;9998.0;1
130200;;;STARFRUIT;SEASHELLS;4970.0;1
130200;;;STARFRUIT;SEASHELLS;4971.0;3
130200;;;AMETHYSTS;SEASHELLS;9999.0;1
130300;;;AMETHYSTS;SEASHELLS;10002.0;1
130400;;;STARFRUIT;SEASHELLS;4969.0;1
130500;;;AMETHYSTS;SEASHELLS;10001.0;1
130700;;;STARFRUIT;SEASHELLS;4975.0;1
131000;;;STARFRUIT;SEASHELLS;4974.0;1
131400;;;AMETHYSTS;SEASHELLS;9998.0;1
131600;;;STARFRUIT;SEASHELLS;4974.0;1
131600;;;AMETHYSTS;SEASHELLS;10002.0;1
131800;;;STARFRUIT;SEASHELLS;4969.0;4
131800;;;STARFRUIT;SEASHELLS;4968.0;1
132100;;;AMETHYSTS;SEASHELLS;9998.0;1
132100;;;STARFRUIT;SEASHELLS;4970.0;1
132100;;;AMETHYSTS;SEASHELLS;9998.0;3
132400;;;STARFRUIT;SEASHELLS;4970.0;1
132900;;;AMETHYSTS;SEASHELLS;9998.0;1
133100;;;AMETHYSTS;SEASHELLS;10002.0;1
133100;;;AMETHYSTS;SEASHELLS;10002.0;4
133400;;;STARFRUIT;SEASHELLS;4968.0;1
133500;;;STARFRUIT;SEASHELLS;4973.0;1
133500;;;STARFRUIT;SEASHELLS;4969.0;9
133600;;;STARFRUIT;SEASHELLS;4969.0;4
133600;;;STARFRUIT;SEASHELLS;4969.0;8
133700;;;STARFRUIT;SEASHELLS;4968.0;1
133900;;;STARFRUIT;SEASHELLS;4970.0;7
134000;;;STARFRUIT;SEASHELLS;4973.0;1
134100;;;STARFRUIT;SEASHELLS;4970.0;9
134100;;;AMETHYSTS;SEASHELLS;9998.0;2
134200;;;STARFRUIT;SEASHELLS;4971.0;1
134200;;;AMETHYSTS;SEASHELLS;10005.0;1
134200;;;AMETHYSTS;SEASHELLS;10002.0;1
134200;;;STARFRUIT;SEASHELLS;4971.0;2
134300;;;STARFRUIT;SEASHELLS;4968.0;1
134300;;;AMETHYSTS;SEASHELLS;10002.0;1
134300;;;STARFRUIT;SEASHELLS;4970.0;11
134400;;;STARFRUIT;SEASHELLS;4970.0;3
134600;;;STARFRUIT;SEASHELLS;4970.0;3
134800;;;STARFRUIT;SEASHELLS;4970.0;2
134800;;;STARFRUIT;SEASHELLS;4968.0;2
134800;;;STARFRUIT;SEASHELLS;4968.0;11
134900;;;AMETHYSTS;SEASHELLS;9998.0;1
134900;;;AMETHYSTS;SEASHELLS;9998.0;1
134900;;;AMETHYSTS;SEASHELLS;10004.0;3
134900;;;AMETHYSTS;SEASHELLS;10004.0;2
134900;;;STARFRUIT;SEASHELLS;4969.0;5
135000;;;AMETHYSTS;SEASHELLS;9999.0;8
135100;;;STARFRUIT;SEASHELLS;4972.0;1
135100;;;STARFRUIT;SEASHELLS;4972.0;2
135200;;;AMETHYSTS;SEASHELLS;9998.0;3
135500;;;STARFRUIT;SEASHELLS;4970.0;5
135500;;;STARFRUIT;SEASHELLS;4972.0;1
135600;;;AMETHYSTS;SEASHELLS;10002.0;1
135800;;;STARFRUIT;SEASHELLS;4970.0;3
136000;;;AMETHYSTS;SEASHELLS;9998.0;1
136100;;;STARFRUIT;SEASHELLS;4970.0;1
136300;;;STARFRUIT;SEASHELLS;4970.0;1
136300;;;AMETHYSTS;SEASHELLS;10002.0;1
136400;;;AMETHYSTS;SEASHELLS;10000.0;2
136500;;;AMETHYSTS;SEASHELLS;10000.0;2
136500;;;STARFRUIT;SEASHELLS;4969.0;1
136800;;;AMETHYSTS;SEASHELLS;10002.0;1
137200;;;STARFRUIT;SEASHELLS;4970.0;1
137200;;;STARFRUIT;SEASHELLS;4970.0;8
137500;;;AMETHYSTS;SEASHELLS;9998.0;1
137600;;;STARFRUIT;SEASHELLS;4973.0;1
137700;;;STARFRUIT;SEASHELLS;4969.0;3
137700;;;AMETHYSTS;SEASHELLS;9998.0;2
137700;;;AMETHYSTS;SEASHELLS;10000.0;2
137700;;;AMETHYSTS;SEASHELLS;9998.0;8
137700;;;STARFRUIT;SEASHELLS;4974.0;2
137800;;;STARFRUIT;SEASHELLS;4970.0;2
138100;;;AMETHYSTS;SEASHELLS;9998.0;7
138200;;;AMETHYSTS;SEASHELLS;9998.0;1
138300;;;AMETHYSTS;SEASHELLS;10000.0;2
138300;;;STARFRUIT;SEASHELLS;4972.0;1
138300;;;STARFRUIT;SEASHELLS;4972.0;1
138400;;;AMETHYSTS;SEASHELLS;9998.0;1
138500;;;STARFRUIT;SEASHELLS;4967.0;1
138600;;;STARFRUIT;SEASHELLS;4967.0;1
138800;;;AMETHYSTS;SEASHELLS;9998.0;8
138900;;;AMETHYSTS;SEASHELLS;10000.0;9
139000;;;STARFRUIT;SEASHELLS;4968.0;1
139200;;;AMETHYSTS;SEASHELLS;10000.0;3
139400;;;AMETHYSTS;SEASHELLS;10002.0;5
139400;;;STARFRUIT;SEASHELLS;4967.0;1
139600;;;AMETHYSTS;SEASHELLS;9998.0;1
139700;;;AMETHYSTS;SEASHELLS;10000.0;1
139700;;;STARFRUIT;SEASHELLS;4966.0;1
139700;;;STARFRUIT;SEASHELLS;4967.0;4
139700;;;STARFRUIT;SEASHELLS;4971.0;1
139800;;;STARFRUIT;SEASHELLS;4971.0;1
139900;;;AMETHYSTS;SEASHELLS;9998.0;9
139900;;;STARFRUIT;SEASHELLS;4968.0;1
140100;;;AMETHYSTS;SEASHELLS;9998.0;7
140100;;;STARFRUIT;SEASHELLS;4966.0;1
140300;;;STARFRUIT;SEASHELLS;4968.0;2
140300;;;AMETHYSTS;SEASHELLS;10002.0;1
140400;;;STARFRUIT;SEASHELLS;4966.0;1
140600;;;STARFRUIT;SEASHELLS;4966.0;1
140700;;;STARFRUIT;SEASHELLS;4966.0;10
141200;;;AMETHYSTS;SEASHELLS;10000.0;2
141200;;;STARFRUIT;SEASHELLS;4969.0;2
141500;;;STARFRUIT;SEASHELLS;4967.0;12
141600;;;AMETHYSTS;SEASHELLS;10002.0;1
142000;;;STARFRUIT;SEASHELLS;4969.0;1
142300;;;STARFRUIT;SEASHELLS;4968.0;1
142400;;;AMETHYSTS;SEASHELLS;10002.0;3
142500;;;STARFRUIT;SEASHELLS;4968.0;5
142600;;;STARFRUIT;SEASHELLS;4963.0;1
142700;;;AMETHYSTS;SEASHELLS;10002.0;5
142800;;;STARFRUIT;SEASHELLS;4965.0;1
142800;;;STARFRUIT;SEASHELLS;4968.0;1
142800;;;AMETHYSTS;SEASHELLS;9998.0;2
142900;;;AMETHYSTS;SEASHELLS;9998.0;1
143100;;;STARFRUIT;SEASHELLS;4965.0;1
143100;;;AMETHYSTS;SEASHELLS;10002.0;1
143100;;;STARFRUIT;SEASHELLS;4964.0;1
143200;;;STARFRUIT;SEASHELLS;4965.0;1
143600;;;STARFRUIT;SEASHELLS;4966.0;1
143900;;;AMETHYSTS;SEASHELLS;10002.0;1
144000;;;STARFRUIT;SEASHELLS;4968.0;1
144200;;;STARFRUIT;SEASHELLS;4967.0;1
144600;;;AMETHYSTS;SEASHELLS;10002.0;2
144800;;;STARFRUIT;SEASHELLS;4966.0;1
145100;;;STARFRUIT;SEASHELLS;4964.0;10
145200;;;STARFRUIT;SEASHELLS;4965.0;6
145200;;;STARFRUIT;SEASHELLS;4968.0;1
145300;;;STARFRUIT;SEASHELLS;4965.0;2
145300;;;AMETHYSTS;SEASHELLS;9998.0;3
145400;;;STARFRUIT;SEASHELLS;4964.0;1
145400;;;AMETHYSTS;SEASHELLS;9998.0;1
145500;;;STARFRUIT;SEASHELLS;4968.0;1
145500;;;AMETHYSTS;SEASHELLS;10002.0;1
145600;;;AMETHYSTS;SEASHELLS;9998.0;8
145600;;;STARFRUIT;SEASHELLS;4963.0;1
146000;;;STARFRUIT;SEASHELLS;4965.0;1
146300;;;AMETHYSTS;SEASHELLS;9998.0;1
146600;;;AMETHYSTS;SEASHELLS;10000.0;4
146800;;;STARFRUIT;SEASHELLS;4963.0;1
146800;;;AMETHYSTS;SEASHELLS;9998.0;1
146900;;;STARFRUIT;SEASHELLS;4963.0;1
147100;;;STARFRUIT;SEASHELLS;4965.0;1
147200;;;AMETHYSTS;SEASHELLS;9998.0;1
147200;;;STARFRUIT;SEASHELLS;4963.0;1
147300;;;AMETHYSTS;SEASHELLS;10000.0;3
147500;;;AMETHYSTS;SEASHELLS;10000.0;10
147600;;;STARFRUIT;SEASHELLS;4962.0;1
147700;;;AMETHYSTS;SEASHELLS;10002.0;1
147800;;;STARFRUIT;SEASHELLS;4967.0;1
148100;;;STARFRUIT;SEASHELLS;4964.0;11
148200;;;STARFRUIT;SEASHELLS;4962.0;9
148200;;;STARFRUIT;SEASHELLS;4962.0;1
148300;;;STARFRUIT;SEASHELLS;4963.0;1
148300;;;AMETHYSTS;SEASHELLS;10000.0;1
148400;;;AMETHYSTS;SEASHELLS;9998.0;6
148400;;;STARFRUIT;SEASHELLS;4963.0;4
148700;;;STARFRUIT;SEASHELLS;4961.0;1
149000;;;AMETHYSTS;SEASHELLS;10002.0;5
149000;;;STARFRUIT;SEASHELLS;4968.0;14
149000;;;STARFRUIT;SEASHELLS;4965.0;2
149100;;;STARFRUIT;SEASHELLS;4963.0;2
149100;;;STARFRUIT;SEASHELLS;4964.0;2
149100;;;AMETHYSTS;SEASHELLS;10000.0;2
149200;;;AMETHYSTS;SEASHELLS;10002.0;1
149200;;;STARFRUIT;SEASHELLS;4965.0;1
149200;;;STARFRUIT;SEASHELLS;4965.0;1
149500;;;STARFRUIT;SEASHELLS;4965.0;1
149600;;;STARFRUIT;SEASHELLS;4962.0;7
149700;;;AMETHYSTS;SEASHELLS;10002.0;2
149700;;;AMETHYSTS;SEASHELLS;10002.0;4
149800;;;STARFRUIT;SEASHELLS;4963.0;4
149800;;;STARFRUIT;SEASHELLS;4963.0;5
149800;;;AMETHYSTS;SEASHELLS;10002.0;5
149800;;;STARFRUIT;SEASHELLS;4965.0;1
149900;;;STARFRUIT;SEASHELLS;4961.0;5
150100;;;STARFRUIT;SEASHELLS;4964.0;4
150200;;;AMETHYSTS;SEASHELLS;9998.0;1
150200;;;STARFRUIT;SEASHELLS;4963.0;2
150200;;;AMETHYSTS;SEASHELLS;9998.0;1
150400;;;STARFRUIT;SEASHELLS;4960.0;1
150400;;;AMETHYSTS;SEASHELLS;9998.0;1
150500;;;STARFRUIT;SEASHELLS;4964.0;1
150500;;;AMETHYSTS;SEASHELLS;10001.0;1
150500;;;AMETHYSTS;SEASHELLS;10002.0;1
150600;;;STARFRUIT;SEASHELLS;4959.0;1
150800;;;AMETHYSTS;SEASHELLS;9998.0;1
151100;;;STARFRUIT;SEASHELLS;4965.0;1
151300;;;STARFRUIT;SEASHELLS;4965.0;1
151500;;;STARFRUIT;SEASHELLS;4966.0;5
151500;;;STARFRUIT;SEASHELLS;4960.0;1
151600;;;AMETHYSTS;SEASHELLS;10002.0;2
151600;;;AMETHYSTS;SEASHELLS;10002.0;1
151600;;;STARFRUIT;SEASHELLS;4965.0;1
151600;;;STARFRUIT;SEASHELLS;4964.0;1
151600;;;STARFRUIT;SEASHELLS;4964.0;2
151600;;;STARFRUIT;SEASHELLS;4964.0;8
151800;;;AMETHYSTS;SEASHELLS;9999.0;5
152000;;;AMETHYSTS;SEASHELLS;9998.0;11
152200;;;STARFRUIT;SEASHELLS;4960.0;5
152600;;;STARFRUIT;SEASHELLS;4961.0;1
152700;;;STARFRUIT;SEASHELLS;4963.0;1
152800;;;STARFRUIT;SEASHELLS;4962.0;1
152900;;;AMETHYSTS;SEASHELLS;10000.0;5
152900;;;STARFRUIT;SEASHELLS;4963.0;1
153000;;;STARFRUIT;SEASHELLS;4966.0;1
153400;;;AMETHYSTS;SEASHELLS;9998.0;8
153500;;;AMETHYSTS;SEASHELLS;9998.0;1
153500;;;STARFRUIT;SEASHELLS;4965.0;2
154100;;;AMETHYSTS;SEASHELLS;10000.0;2
154100;;;STARFRUIT;SEASHELLS;4969.0;2
154100;;;STARFRUIT;SEASHELLS;4969.0;9
154800;;;AMETHYSTS;SEASHELLS;10002.0;1
154800;;;AMETHYSTS;SEASHELLS;9998.0;3
154900;;;AMETHYSTS;SEASHELLS;9998.0;1
155100;;;STARFRUIT;SEASHELLS;4963.0;1
155100;;;STARFRUIT;SEASHELLS;4969.0;14
155200;;;STARFRUIT;SEASHELLS;4966.0;1
155200;;;AMETHYSTS;SEASHELLS;10002.0;1
155300;;;STARFRUIT;SEASHELLS;4969.0;1
155300;;;AMETHYSTS;SEASHELLS;10000.0;1
155400;;;STARFRUIT;SEASHELLS;4970.0;14
155500;;;AMETHYSTS;SEASHELLS;9998.0;1
156100;;;AMETHYSTS;SEASHELLS;9998.0;2
156100;;;STARFRUIT;SEASHELLS;4966.0;2
156100;;;STARFRUIT;SEASHELLS;4966.0;6
156300;;;STARFRUIT;SEASHELLS;4964.0;3
156400;;;AMETHYSTS;SEASHELLS;10002.0;1
156500;;;AMETHYSTS;SEASHELLS;10002.0;3
156500;;;STARFRUIT;SEASHELLS;4967.0;8
156600;;;STARFRUIT;SEASHELLS;4963.0;1
156700;;;STARFRUIT;SEASHELLS;4966.0;10
156900;;;STARFRUIT;SEASHELLS;4964.0;5
156900;;;STARFRUIT;SEASHELLS;4963.0;1
157000;;;STARFRUIT;SEASHELLS;4966.0;6
157000;;;STARFRUIT;SEASHELLS;4963.0;1
157100;;;STARFRUIT;SEASHELLS;4965.0;4
157100;;;AMETHYSTS;SEASHELLS;9998.0;1
157200;;;STARFRUIT;SEASHELLS;4965.0;1
157200;;;STARFRUIT;SEASHELLS;4965.0;2
157300;;;STARFRUIT;SEASHELLS;4965.0;2
157300;;;STARFRUIT;SEASHELLS;4966.0;4
157400;;;AMETHYSTS;SEASHELLS;10002.0;10
157400;;;AMETHYSTS;SEASHELLS;10002.0;1
157400;;;STARFRUIT;SEASHELLS;4965.0;1
157400;;;STARFRUIT;SEASHELLS;4964.0;7
157400;;;STARFRUIT;SEASHELLS;4964.0;2
157500;;;AMETHYSTS;SEASHELLS;10000.0;1
157500;;;STARFRUIT;SEASHELLS;4965.0;1
157500;;;STARFRUIT;SEASHELLS;4964.0;1
157700;;;STARFRUIT;SEASHELLS;4970.0;1
158000;;;STARFRUIT;SEASHELLS;4965.0;7
158100;;;STARFRUIT;SEASHELLS;4966.0;1
158100;;;STARFRUIT;SEASHELLS;4966.0;1
158200;;;AMETHYSTS;SEASHELLS;10002.0;1
158300;;;AMETHYSTS;SEASHELLS;9998.0;7
158300;;;AMETHYSTS;SEASHELLS;9998.0;5
158400;;;AMETHYSTS;SEASHELLS;9998.0;5
158400;;;STARFRUIT;SEASHELLS;4970.0;1
158400;;;AMETHYSTS;SEASHELLS;9998.0;2
158800;;;STARFRUIT;SEASHELLS;4969.0;4
158800;;;STARFRUIT;SEASHELLS;4969.0;1
159300;;;STARFRUIT;SEASHELLS;4965.0;1
159400;;;STARFRUIT;SEASHELLS;4968.0;1
159400;;;AMETHYSTS;SEASHELLS;10000.0;6
159700;;;AMETHYSTS;SEASHELLS;9998.0;4
160300;;;AMETHYSTS;SEASHELLS;9998.0;1
160400;;;AMETHYSTS;SEASHELLS;9998.0;1
160400;;;STARFRUIT;SEASHELLS;4968.0;1
160600;;;AMETHYSTS;SEASHELLS;10002.0;1
160800;;;AMETHYSTS;SEASHELLS;10002.0;2
160900;;;AMETHYSTS;SEASHELLS;10000.0;3
161000;;;STARFRUIT;SEASHELLS;4963.0;8
161000;;;AMETHYSTS;SEASHELLS;9998.0;9
161600;;;AMETHYSTS;SEASHELLS;9998.0;1
161700;;;STARFRUIT;SEASHELLS;4967.0;6
161800;;;STARFRUIT;SEASHELLS;4967.0;2
161800;;;AMETHYSTS;SEASHELLS;10000.0;2
162100;;;STARFRUIT;SEASHELLS;4966.0;12
162300;;;STARFRUIT;SEASHELLS;4967.0;8
162400;;;STARFRUIT;SEASHELLS;4965.0;5
162600;;;STARFRUIT;SEASHELLS;4967.0;1
162600;;;STARFRUIT;SEASHELLS;4965.0;4
163100;;;AMETHYSTS;SEASHELLS;9998.0;4
163200;;;AMETHYSTS;SEASHELLS;9998.0;1
163300;;;STARFRUIT;SEASHELLS;4966.0;8
163800;;;AMETHYSTS;SEASHELLS;10002.0;1
163800;;;AMETHYSTS;SEASHELLS;10002.0;2
163800;;;STARFRUIT;SEASHELLS;4967.0;1
163800;;;STARFRUIT;SEASHELLS;4966.0;3
163800;;;STARFRUIT;SEASHELLS;4967.0;1
164000;;;AMETHYSTS;SEASHELLS;9998.0;1
164600;;;STARFRUIT;SEASHELLS;4968.0;1
164600;;;AMETHYSTS;SEASHELLS;9998.0;1
164600;;;STARFRUIT;SEASHELLS;4964.0;4
165000;;;STARFRUIT;SEASHELLS;4965.0;2
165000;;;STARFRUIT;SEASHELLS;4968.0;1
165100;;;STARFRUIT;SEASHELLS;4968.0;1
165100;;;AMETHYSTS;SEASHELLS;9998.0;4
165500;;;AMETHYSTS;SEASHELLS;10000.0;4
165600;;;AMETHYSTS;SEASHELLS;9998.0;1
165700;;;STARFRUIT;SEASHELLS;4968.0;1
165900;;;AMETHYSTS;SEASHELLS;9998.0;1
165900;;;STARFRUIT;SEASHELLS;4966.0;13
166000;;;STARFRUIT;SEASHELLS;4968.0;6
166000;;;STARFRUIT;SEASHELLS;4968.0;1
166100;;;STARFRUIT;SEASHELLS;4966.0;2
166100;;;AMETHYSTS;SEASHELLS;9998.0;2
166200;;;AMETHYSTS;SEASHELLS;9998.0;1
166200;;;STARFRUIT;SEASHELLS;4963.0;3
166300;;;STARFRUIT;SEASHELLS;4966.0;13
166400;;;AMETHYSTS;SEASHELLS;9998.0;1
166500;;;STARFRUIT;SEASHELLS;4966.0;7
166600;;;STARFRUIT;SEASHELLS;4966.0;3
166800;;;STARFRUIT;SEASHELLS;4966.0;2
167000;;;STARFRUIT;SEASHELLS;4963.0;4
167000;;;STARFRUIT;SEASHELLS;4963.0;1
167000;;;AMETHYSTS;SEASHELLS;10000.0;8
167300;;;STARFRUIT;SEASHELLS;4963.0;13
167700;;;AMETHYSTS;SEASHELLS;9998.0;4
167800;;;AMETHYSTS;SEASHELLS;9998.0;1
167800;;;STARFRUIT;SEASHELLS;4966.0;1
167900;;;AMETHYSTS;SEASHELLS;9998.0;1
168100;;;AMETHYSTS;SEASHELLS;9998.0;1
168500;;;AMETHYSTS;SEASHELLS;10002.0;1
169200;;;STARFRUIT;SEASHELLS;4964.0;1
169300;;;AMETHYSTS;SEASHELLS;9998.0;8
169500;;;STARFRUIT;SEASHELLS;4965.0;1
169500;;;STARFRUIT;SEASHELLS;4961.0;4
169500;;;STARFRUIT;SEASHELLS;4961.0;7
169600;;;STARFRUIT;SEASHELLS;4962.0;9
169700;;;STARFRUIT;SEASHELLS;4962.0;7
169800;;;STARFRUIT;SEASHELLS;4961.0;6
169900;;;STARFRUIT;SEASHELLS;4960.0;1
170000;;;STARFRUIT;SEASHELLS;4960.0;2
170000;;;AMETHYSTS;SEASHELLS;9999.0;11
170100;;;STARFRUIT;SEASHELLS;4960.0;2
170200;;;STARFRUIT;SEASHELLS;4961.0;1
170200;;;AMETHYSTS;SEASHELLS;10002.0;3
170200;;;STARFRUIT;SEASHELLS;4961.0;1
170200;;;AMETHYSTS;SEASHELLS;10000.0;8
170300;;;STARFRUIT;SEASHELLS;4961.0;1
170400;;;AMETHYSTS;SEASHELLS;10002.0;11
171100;;;AMETHYSTS;SEASHELLS;10002.0;1
171100;;;AMETHYSTS;SEASHELLS;10002.0;3
171200;;;STARFRUIT;SEASHELLS;4966.0;5
171400;;;AMETHYSTS;SEASHELLS;10002.0;5
171500;;;AMETHYSTS;SEASHELLS;10002.0;1
171600;;;AMETHYSTS;SEASHELLS;9998.0;1
171600;;;AMETHYSTS;SEASHELLS;9998.0;10
171600;;;STARFRUIT;SEASHELLS;4961.0;4
171800;;;STARFRUIT;SEASHELLS;4962.0;3
171900;;;AMETHYSTS;SEASHELLS;10002.0;1
172100;;;AMETHYSTS;SEASHELLS;10002.0;1
172700;;;AMETHYSTS;SEASHELLS;9998.0;3
173200;;;STARFRUIT;SEASHELLS;4959.0;1
173200;;;STARFRUIT;SEASHELLS;4962.0;10
173300;;;STARFRUIT;SEASHELLS;4960.0;2
173400;;;AMETHYSTS;SEASHELLS;10002.0;1
173500;;;AMETHYSTS;SEASHELLS;9998.0;3
173700;;;STARFRUIT;SEASHELLS;4965.0;1
173800;;;STARFRUIT;SEASHELLS;4964.0;4
173900;;;STARFRUIT;SEASHELLS;4965.0;1
174100;;;AMETHYSTS;SEASHELLS;9998.0;1
174100;;;STARFRUIT;SEASHELLS;4961.0;1
174300;;;AMETHYSTS;SEASHELLS;10002.0;1
174400;;;STARFRUIT;SEASHELLS;4958.0;1
174700;;;STARFRUIT;SEASHELLS;4960.0;3
174800;;;STARFRUIT;SEASHELLS;4962.0;1
174800;;;STARFRUIT;SEASHELLS;4958.0;2
174800;;;AMETHYSTS;SEASHELLS;9998.0;2
175600;;;AMETHYSTS;SEASHELLS;9998.0;2
175600;;;STARFRUIT;SEASHELLS;4958.0;1
175700;;;STARFRUIT;SEASHELLS;4959.0;3
175800;;;STARFRUIT;SEASHELLS;4958.0;2
176000;;;STARFRUIT;SEASHELLS;4958.0;1
176000;;;AMETHYSTS;SEASHELLS;10002.0;1
176100;;;AMETHYSTS;SEASHELLS;10000.0;9
176200;;;STARFRUIT;SEASHELLS;4957.0;1
176200;;;AMETHYSTS;SEASHELLS;9998.0;1
176400;;;STARFRUIT;SEASHELLS;4957.0;1
176500;;;STARFRUIT;SEASHELLS;4957.0;1
176600;;;STARFRUIT;SEASHELLS;4958.0;1
177400;;;STARFRUIT;SEASHELLS;4957.0;1
177600;;;AMETHYSTS;SEASHELLS;9998.0;1
177900;;;AMETHYSTS;SEASHELLS;9998.0;12
178000;;;STARFRUIT;SEASHELLS;4962.0;1
178000;;;AMETHYSTS;SEASHELLS;9998.0;1
178000;;;AMETHYSTS;SEASHELLS;10000.0;1
178200;;;AMETHYSTS;SEASHELLS;9998.0;1
178200;;;STARFRUIT;SEASHELLS;4957.0;1
178300;;;STARFRUIT;SEASHELLS;4960.0;1
178300;;;STARFRUIT;SEASHELLS;4960.0;1
178300;;;AMETHYSTS;SEASHELLS;10000.0;2
178700;;;STARFRUIT;SEASHELLS;4957.0;1
178900;;;STARFRUIT;SEASHELLS;4957.0;1
179100;;;STARFRUIT;SEASHELLS;4958.0;4
179100;;;STARFRUIT;SEASHELLS;4957.0;1
179100;;;STARFRUIT;SEASHELLS;4958.0;1
179200;;;STARFRUIT;SEASHELLS;4958.0;1
179600;;;AMETHYSTS;SEASHELLS;9998.0;4
179700;;;STARFRUIT;SEASHELLS;4963.0;1
179900;;;STARFRUIT;SEASHELLS;4957.0;1
179900;;;AMETHYSTS;SEASHELLS;9998.0;1
180100;;;STARFRUIT;SEASHELLS;4958.0;11
180100;;;AMETHYSTS;SEASHELLS;9998.0;3
180100;;;STARFRUIT;SEASHELLS;4958.0;3
180300;;;AMETHYSTS;SEASHELLS;9998.0;4
180300;;;STARFRUIT;SEASHELLS;4958.0;6
180400;;;STARFRUIT;SEASHELLS;4958.0;3
180500;;;STARFRUIT;SEASHELLS;4960.0;6
180500;;;STARFRUIT;SEASHELLS;4960.0;2
180500;;;AMETHYSTS;SEASHELLS;10002.0;3
180700;;;STARFRUIT;SEASHELLS;4959.0;1
180800;;;AMETHYSTS;SEASHELLS;10002.0;1
180900;;;AMETHYSTS;SEASHELLS;9998.0;1
181000;;;STARFRUIT;SEASHELLS;4961.0;1
181000;;;STARFRUIT;SEASHELLS;4962.0;1
181200;;;AMETHYSTS;SEASHELLS;10000.0;2
181200;;;STARFRUIT;SEASHELLS;4963.0;1
181500;;;AMETHYSTS;SEASHELLS;9998.0;2
181500;;;STARFRUIT;SEASHELLS;4957.0;1
181600;;;STARFRUIT;SEASHELLS;4957.0;2
181800;;;STARFRUIT;SEASHELLS;4957.0;1
181900;;;AMETHYSTS;SEASHELLS;10002.0;1
182000;;;AMETHYSTS;SEASHELLS;9998.0;6
182000;;;AMETHYSTS;SEASHELLS;10002.0;1
182000;;;AMETHYSTS;SEASHELLS;9998.0;2
182100;;;AMETHYSTS;SEASHELLS;9998.0;2
182100;;;STARFRUIT;SEASHELLS;4957.0;2
182200;;;STARFRUIT;SEASHELLS;4961.0;1
182200;;;STARFRUIT;SEASHELLS;4960.0;8
182200;;;STARFRUIT;SEASHELLS;4960.0;3
182500;;;STARFRUIT;SEASHELLS;4960.0;1
182500;;;AMETHYSTS;SEASHELLS;10002.0;4
182600;;;STARFRUIT;SEASHELLS;4960.0;1
182800;;;STARFRUIT;SEASHELLS;4957.0;1
183100;;;STARFRUIT;SEASHELLS;4963.0;1
183500;;;STARFRUIT;SEASHELLS;4962.0;1
183600;;;STARFRUIT;SEASHELLS;4963.0;2
183600;;;AMETHYSTS;SEASHELLS;10000.0;2
183700;;;AMETHYSTS;SEASHELLS;9998.0;2
183700;;;STARFRUIT;SEASHELLS;4959.0;2
183900;;;STARFRUIT;SEASHELLS;4961.0;2
183900;;;STARFRUIT;SEASHELLS;4961.0;2
184100;;;STARFRUIT;SEASHELLS;4960.0;1
184100;;;STARFRUIT;SEASHELLS;4959.0;14
184500;;;AMETHYSTS;SEASHELLS;9998.0;4
184700;;;STARFRUIT;SEASHELLS;4960.0;1
184800;;;AMETHYSTS;SEASHELLS;10002.0;3
184800;;;AMETHYSTS;SEASHELLS;10002.0;5
184900;;;AMETHYSTS;SEASHELLS;10002.0;1
185200;;;AMETHYSTS;SEASHELLS;10002.0;1
185300;;;AMETHYSTS;SEASHELLS;10000.0;2
185300;;;STARFRUIT;SEASHELLS;4960.0;2
185400;;;STARFRUIT;SEASHELLS;4958.0;9
185500;;;AMETHYSTS;SEASHELLS;9998.0;1
185800;;;AMETHYSTS;SEASHELLS;9998.0;1
185900;;;STARFRUIT;SEASHELLS;4960.0;5
185900;;;STARFRUIT;SEASHELLS;4960.0;3
186000;;;AMETHYSTS;SEASHELLS;10002.0;4
186100;;;STARFRUIT;SEASHELLS;4957.0;1
186100;;;STARFRUIT;SEASHELLS;4957.0;4
186100;;;AMETHYSTS;SEASHELLS;9998.0;6
186200;;;STARFRUIT;SEASHELLS;4957.0;12
186300;;;STARFRUIT;SEASHELLS;4956.0;4
186300;;;STARFRUIT;SEASHELLS;4956.0;6
186400;;;AMETHYSTS;SEASHELLS;9998.0;1
186500;;;STARFRUIT;SEASHELLS;4957.0;11
186600;;;STARFRUIT;SEASHELLS;4958.0;8
186800;;;AMETHYSTS;SEASHELLS;9998.0;1
186800;;;STARFRUIT;SEASHELLS;4956.0;1
187000;;;STARFRUIT;SEASHELLS;4957.0;3
187300;;;STARFRUIT;SEASHELLS;4959.0;1
187400;;;STARFRUIT;SEASHELLS;4960.0;1
187400;;;STARFRUIT;SEASHELLS;4958.0;10
187600;;;AMETHYSTS;SEASHELLS;9998.0;1
187600;;;STARFRUIT;SEASHELLS;4956.0;1
187700;;;STARFRUIT;SEASHELLS;4959.0;2
187700;;;STARFRUIT;SEASHELLS;4955.0;1
187900;;;STARFRUIT;SEASHELLS;4957.0;2
188000;;;AMETHYSTS;SEASHELLS;10002.0;1
188000;;;STARFRUIT;SEASHELLS;4957.0;1
188100;;;STARFRUIT;SEASHELLS;4957.0;1
188400;;;AMETHYSTS;SEASHELLS;9998.0;1
188400;;;AMETHYSTS;SEASHELLS;9998.0;1
188500;;;AMETHYSTS;SEASHELLS;10000.0;11
188500;;;AMETHYSTS;SEASHELLS;10002.0;1
189000;;;STARFRUIT;SEASHELLS;4954.0;1
189100;;;STARFRUIT;SEASHELLS;4956.0;1
189100;;;AMETHYSTS;SEASHELLS;10000.0;5
189200;;;STARFRUIT;SEASHELLS;4957.0;3
189200;;;STARFRUIT;SEASHELLS;4957.0;2
189300;;;STARFRUIT;SEASHELLS;4959.0;1
189500;;;AMETHYSTS;SEASHELLS;9998.0;1
189900;;;AMETHYSTS;SEASHELLS;10000.0;3
189900;;;STARFRUIT;SEASHELLS;4959.0;4
189900;;;STARFRUIT;SEASHELLS;4959.0;1
189900;;;STARFRUIT;SEASHELLS;4959.0;11
190000;;;STARFRUIT;SEASHELLS;4955.0;9
190100;;;STARFRUIT;SEASHELLS;4957.0;6
190200;;;STARFRUIT;SEASHELLS;4957.0;2
190300;;;STARFRUIT;SEASHELLS;4960.0;1
190600;;;STARFRUIT;SEASHELLS;4954.0;1
190700;;;AMETHYSTS;SEASHELLS;10002.0;2
190800;;;AMETHYSTS;SEASHELLS;9998.0;5
190900;;;AMETHYSTS;SEASHELLS;10002.0;1
191000;;;AMETHYSTS;SEASHELLS;10002.0;1
191300;;;AMETHYSTS;SEASHELLS;10000.0;6
191400;;;AMETHYSTS;SEASHELLS;9998.0;1
191500;;;AMETHYSTS;SEASHELLS;9998.0;4
191700;;;AMETHYSTS;SEASHELLS;10000.0;2
191700;;;STARFRUIT;SEASHELLS;4960.0;2
191700;;;AMETHYSTS;SEASHELLS;10000.0;5
191800;;;STARFRUIT;SEASHELLS;4959.0;1
192000;;;STARFRUIT;SEASHELLS;4960.0;2
192000;;;AMETHYSTS;SEASHELLS;10000.0;2
192100;;;AMETHYSTS;SEASHELLS;9998.0;1
192200;;;AMETHYSTS;SEASHELLS;9998.0;2
192500;;;AMETHYSTS;SEASHELLS;9998.0;1
192500;;;STARFRUIT;SEASHELLS;4960.0;1
192600;;;AMETHYSTS;SEASHELLS;10002.0;3
192900;;;STARFRUIT;SEASHELLS;4957.0;10
193100;;;STARFRUIT;SEASHELLS;4958.0;1
193100;;;AMETHYSTS;SEASHELLS;10000.0;1
193300;;;AMETHYSTS;SEASHELLS;10002.0;1
193300;;;AMETHYSTS;SEASHELLS;10002.0;3
193500;;;AMETHYSTS;SEASHELLS;9998.0;1
193700;;;AMETHYSTS;SEASHELLS;9998.0;1
193800;;;STARFRUIT;SEASHELLS;4958.0;1
193900;;;AMETHYSTS;SEASHELLS;10001.0;2
194000;;;STARFRUIT;SEASHELLS;4952.0;1
194100;;;AMETHYSTS;SEASHELLS;9998.0;1
194100;;;STARFRUIT;SEASHELLS;4957.0;1
194200;;;AMETHYSTS;SEASHELLS;10001.0;1
194200;;;STARFRUIT;SEASHELLS;4956.0;1
194300;;;STARFRUIT;SEASHELLS;4953.0;1
194400;;;STARFRUIT;SEASHELLS;4954.0;5
194500;;;STARFRUIT;SEASHELLS;4955.0;3
194600;;;AMETHYSTS;SEASHELLS;9999.0;1
194600;;;STARFRUIT;SEASHELLS;4951.0;1
194600;;;STARFRUIT;SEASHELLS;4953.0;1
194900;;;STARFRUIT;SEASHELLS;4954.0;3
194900;;;AMETHYSTS;SEASHELLS;9999.0;6
195000;;;STARFRUIT;SEASHELLS;4954.0;2
195100;;;AMETHYSTS;SEASHELLS;10002.0;1
195100;;;AMETHYSTS;SEASHELLS;10002.0;4
195200;;;STARFRUIT;SEASHELLS;4954.0;1
195400;;;STARFRUIT;SEASHELLS;4954.0;1
195500;;;STARFRUIT;SEASHELLS;4954.0;1
195700;;;AMETHYSTS;SEASHELLS;10002.0;1
195800;;;STARFRUIT;SEASHELLS;4956.0;8
195900;;;AMETHYSTS;SEASHELLS;9998.0;1
196000;;;AMETHYSTS;SEASHELLS;10002.0;1
196000;;;STARFRUIT;SEASHELLS;4956.0;1
196000;;;AMETHYSTS;SEASHELLS;10002.0;2
196500;;;STARFRUIT;SEASHELLS;4956.0;1
196600;;;STARFRUIT;SEASHELLS;4958.0;2
196600;;;AMETHYSTS;SEASHELLS;10000.0;2
197000;;;STARFRUIT;SEASHELLS;4954.0;11
197300;;;STARFRUIT;SEASHELLS;4953.0;8
197400;;;STARFRUIT;SEASHELLS;4955.0;1
197400;;;AMETHYSTS;SEASHELLS;10002.0;1
197500;;;STARFRUIT;SEASHELLS;4951.0;1
197800;;;STARFRUIT;SEASHELLS;4952.0;6
197900;;;STARFRUIT;SEASHELLS;4952.0;4
198000;;;STARFRUIT;SEASHELLS;4952.0;1
198000;;;AMETHYSTS;SEASHELLS;10001.0;1
198300;;;STARFRUIT;SEASHELLS;4952.0;2
198500;;;STARFRUIT;SEASHELLS;4954.0;1
198500;;;AMETHYSTS;SEASHELLS;9998.0;10
198700;;;STARFRUIT;SEASHELLS;4952.0;1
198800;;;STARFRUIT;SEASHELLS;4949.0;1
198900;;;AMETHYSTS;SEASHELLS;10002.0;1
198900;;;STARFRUIT;SEASHELLS;4950.0;5
199100;;;STARFRUIT;SEASHELLS;4948.0;1
199200;;;AMETHYSTS;SEASHELLS;10000.0;5
199200;;;STARFRUIT;SEASHELLS;4952.0;3
199200;;;STARFRUIT;SEASHELLS;4950.0;2
199400;;;STARFRUIT;SEASHELLS;4954.0;1
199400;;;STARFRUIT;SEASHELLS;4950.0;2
199400;;;STARFRUIT;SEASHELLS;4951.0;4
199400;;;STARFRUIT;SEASHELLS;4950.0;4
199500;;;AMETHYSTS;SEASHELLS;9998.0;2
199500;;;STARFRUIT;SEASHELLS;4952.0;1
199500;;;AMETHYSTS;SEASHELLS;10000.0;1
199500;;;AMETHYSTS;SEASHELLS;10002.0;1
199900;;;STARFRUIT;SEASHELLS;4952.0;1
199900;;;AMETHYSTS;SEASHELLS;10000.0;2
