day;timestamp;bid_price_1;bid_volume_1;bid_price_2;bid_volume_2;bid_price_3;bid_volume_3;ask_price_1;ask_volume_1;ask_price_2;ask_volume_2;ask_price_3;ask_volume_3;mid_price;profit_and_loss
0;20001.0;71348;19;71347.0;24.0;0.0;0.0;71362;19;71363.0;24.0;0.0;0.0;71355.0;0.0
0;20002.0;71344;1;71343.0;12.0;71342.0;20.0;71355;1;71356.0;12.0;71357.0;20.0;71349.5;0.0
0;20003.0;71344;4;71339.0;1.0;71338.0;14.0;71350;1;71351.0;14.0;71352.0;21.0;71347.0;0.0
0;20004.0;71345;2;71343.0;11.0;71342.0;29.0;71356;2;71357.0;11.0;71358.0;29.0;71350.5;0.0
0;20005.0;71336;2;71335.0;13.0;71334.0;25.0;71347;2;71348.0;13.0;71349.0;25.0;71341.5;0.0
0;20006.0;71338;2;71337.0;16.0;71336.0;30.0;71349;2;71350.0;16.0;71351.0;30.0;71343.5;0.0
0;20007.0;71343;2;71342.0;13.0;71341.0;21.0;71354;2;71355.0;13.0;71356.0;21.0;71348.5;0.0
0;20008.0;71346;5;71340.0;16.0;71339.0;20.0;71353;16;71354.0;20.0;0.0;0.0;71349.5;0.0
0;20009.0;71343;10;71342.0;30.0;0.0;0.0;71356;10;71357.0;30.0;0.0;0.0;71349.5;0.0
0;20010.0;71341;2;71340.0;20.0;71339.0;26.0;71352;2;71353.0;20.0;71354.0;26.0;71346.5;0.0
0;20011.0;71349;2;71348.0;16.0;71347.0;19.0;71360;2;71361.0;16.0;71362.0;19.0;71354.5;0.0
0;20012.0;71353;2;71352.0;16.0;71351.0;16.0;71364;2;71365.0;16.0;71366.0;16.0;71358.5;0.0
0;20013.0;71338;2;71337.0;13.0;71336.0;24.0;71349;2;71350.0;13.0;71352.0;24.0;71343.5;0.0
0;20014.0;71349;1;71348.0;14.0;71347.0;29.0;71360;1;71361.0;14.0;71362.0;29.0;71354.5;0.0
0;20015.0;71342;2;71341.0;15.0;71340.0;24.0;71353;2;71354.0;15.0;71355.0;24.0;71347.5;0.0
0;20016.0;71347;2;71346.0;18.0;71345.0;18.0;71358;2;71359.0;18.0;71360.0;18.0;71352.5;0.0
0;20017.0;71351;1;71350.0;10.0;71349.0;25.0;71362;1;71363.0;10.0;71364.0;25.0;71356.5;0.0
0;20018.0;71348;20;71347.0;17.0;0.0;0.0;71361;20;71362.0;17.0;0.0;0.0;71354.5;0.0
0;20019.0;71362;2;71361.0;12.0;71359.0;23.0;71373;2;71374.0;12.0;71375.0;23.0;71367.5;0.0
0;20020.0;71378;7;71373.0;2.0;71372.0;17.0;71384;2;71385.0;17.0;71386.0;19.0;71381.0;0.0
0;20021.0;71369;1;71368.0;14.0;71366.0;23.0;71380;1;71381.0;14.0;71382.0;23.0;71374.5;0.0
0;20022.0;71349;13;71348.0;29.0;0.0;0.0;71362;13;71363.0;29.0;0.0;0.0;71355.5;0.0
0;20023.0;71333;2;71332.0;15.0;71331.0;21.0;71344;2;71345.0;15.0;71346.0;21.0;71338.5;0.0
0;20024.0;71335;2;71334.0;18.0;71333.0;24.0;71346;2;71347.0;18.0;71348.0;24.0;71340.5;0.0
0;20025.0;71340;2;71339.0;13.0;71337.0;21.0;71351;2;71352.0;13.0;71353.0;21.0;71345.5;0.0
0;20026.0;71351;1;71350.0;15.0;71349.0;15.0;71362;1;71363.0;15.0;71364.0;15.0;71356.5;0.0
0;20027.0;71359;15;71358.0;27.0;0.0;0.0;71372;15;71373.0;27.0;0.0;0.0;71365.5;0.0
0;20028.0;71344;1;71343.0;17.0;71341.0;20.0;71355;1;71356.0;17.0;71357.0;20.0;71349.5;0.0
0;20029.0;71337;20;71336.0;20.0;0.0;0.0;71350;20;71351.0;20.0;0.0;0.0;71343.5;0.0
0;20030.0;71342;2;71341.0;18.0;71340.0;28.0;71353;2;71354.0;18.0;71355.0;28.0;71347.5;0.0
0;20031.0;71330;2;71329.0;13.0;71328.0;26.0;71341;2;71342.0;13.0;71344.0;26.0;71335.5;0.0
0;20032.0;71332;2;71331.0;19.0;71330.0;29.0;71343;2;71344.0;19.0;71345.0;29.0;71337.5;0.0
0;20033.0;71330;2;71328.0;12.0;71327.0;22.0;71340;2;71342.0;12.0;71343.0;22.0;71335.0;0.0
0;20034.0;71327;2;71326.0;10.0;71325.0;26.0;71338;2;71339.0;10.0;71340.0;26.0;71332.5;0.0
0;20035.0;71320;2;71319.0;10.0;71318.0;15.0;71331;2;71332.0;10.0;71333.0;15.0;71325.5;0.0
0;20036.0;71329;2;71328.0;10.0;71327.0;18.0;71341;10;71342.0;18.0;0.0;0.0;71335.0;0.0
0;20037.0;71319;16;71318.0;21.0;0.0;0.0;71332;16;71333.0;21.0;0.0;0.0;71325.5;0.0
0;20038.0;71325;2;71324.0;10.0;71323.0;28.0;71336;2;71337.0;10.0;71338.0;28.0;71330.5;0.0
0;20039.0;71339;5;71328.0;1.0;71327.0;11.0;71340;11;71341.0;24.0;0.0;0.0;71339.5;0.0
0;20040.0;71333;6;71327.0;10.0;71326.0;27.0;71340;10;71341.0;27.0;0.0;0.0;71336.5;0.0
0;20041.0;71327;2;71326.0;13.0;71325.0;18.0;71338;2;71339.0;13.0;71341.0;18.0;71332.5;0.0
0;20042.0;71311;1;71310.0;19.0;71309.0;15.0;71322;1;71323.0;19.0;71324.0;15.0;71316.5;0.0
0;20043.0;71298;2;71297.0;12.0;71296.0;22.0;71309;2;71310.0;12.0;71311.0;22.0;71303.5;0.0
0;20044.0;71281;2;71280.0;10.0;71279.0;18.0;71292;2;71293.0;10.0;71294.0;18.0;71286.5;0.0
0;20045.0;71289;1;71288.0;18.0;71287.0;16.0;71300;1;71301.0;18.0;71302.0;16.0;71294.5;0.0
0;20046.0;71291;10;71290.0;18.0;0.0;0.0;71304;10;71305.0;18.0;0.0;0.0;71297.5;0.0
0;20047.0;71307;1;71306.0;12.0;71304.0;19.0;71312;2;71318.0;1.0;71319.0;12.0;71309.5;0.0
0;20048.0;71304;1;71303.0;18.0;71302.0;18.0;71315;1;71316.0;18.0;71317.0;18.0;71309.5;0.0
0;20049.0;71305;1;71304.0;15.0;71302.0;18.0;71316;1;71317.0;15.0;71318.0;18.0;71310.5;0.0
0;20050.0;71300;10;71299.0;28.0;0.0;0.0;71313;10;71315.0;28.0;0.0;0.0;71306.5;0.0
0;20051.0;71306;1;71305.0;11.0;71304.0;22.0;71317;1;71318.0;11.0;71319.0;22.0;71311.5;0.0
0;20052.0;71317;7;71311.0;15.0;71310.0;29.0;71324;15;71326.0;29.0;0.0;0.0;71320.5;0.0
0;20053.0;71301;2;71299.0;15.0;71298.0;19.0;71312;2;71313.0;15.0;71314.0;19.0;71306.5;0.0
0;20054.0;71290;14;71289.0;25.0;0.0;0.0;71303;14;71304.0;25.0;0.0;0.0;71296.5;0.0
0;20055.0;71289;20;71288.0;22.0;0.0;0.0;71302;20;71303.0;22.0;0.0;0.0;71295.5;0.0
0;20056.0;71294;1;71293.0;19.0;71292.0;18.0;71305;1;71306.0;19.0;71308.0;18.0;71299.5;0.0
0;20057.0;71298;1;71297.0;12.0;71296.0;22.0;71309;1;71310.0;12.0;71311.0;22.0;71303.5;0.0
0;20058.0;71310;2;71309.0;12.0;71308.0;21.0;71321;2;71322.0;12.0;71323.0;21.0;71315.5;0.0
0;20059.0;71303;12;71302.0;28.0;0.0;0.0;71316;12;71317.0;28.0;0.0;0.0;71309.5;0.0
0;20060.0;71309;1;71308.0;16.0;71307.0;15.0;71320;1;71321.0;16.0;71322.0;15.0;71314.5;0.0
0;20061.0;71304;2;71303.0;11.0;71302.0;29.0;71309;1;71315.0;2.0;71316.0;11.0;71306.5;0.0
0;20062.0;71307;1;71306.0;11.0;71305.0;29.0;71318;1;71319.0;11.0;71320.0;29.0;71312.5;0.0
0;20063.0;71310;1;71309.0;13.0;71308.0;28.0;71321;1;71322.0;13.0;71323.0;28.0;71315.5;0.0
0;20064.0;71317;18;71316.0;20.0;0.0;0.0;71323;3;71330.0;18.0;71331.0;20.0;71320.0;0.0
0;20065.0;71320;16;71319.0;30.0;0.0;0.0;71334;16;71335.0;30.0;0.0;0.0;71327.0;0.0
0;20066.0;71309;20;71308.0;18.0;0.0;0.0;71322;20;71323.0;18.0;0.0;0.0;71315.5;0.0
0;20067.0;71313;1;71312.0;14.0;71311.0;22.0;71324;1;71325.0;14.0;71326.0;22.0;71318.5;0.0
0;20068.0;71330;2;71329.0;18.0;71328.0;26.0;71335;8;71341.0;2.0;71342.0;18.0;71332.5;0.0
0;20069.0;71336;1;71335.0;17.0;71334.0;19.0;71347;1;71348.0;17.0;71349.0;19.0;71341.5;0.0
0;20070.0;71326;20;71325.0;17.0;0.0;0.0;71339;20;71340.0;17.0;0.0;0.0;71332.5;0.0
0;20071.0;71322;2;71321.0;10.0;71320.0;24.0;71333;2;71334.0;10.0;71335.0;24.0;71327.5;0.0
0;20072.0;71319;1;71318.0;13.0;71316.0;18.0;71330;1;71331.0;13.0;71332.0;18.0;71324.5;0.0
0;20073.0;71308;2;71307.0;11.0;71306.0;17.0;71319;2;71320.0;11.0;71321.0;17.0;71313.5;0.0
0;20074.0;71305;2;71304.0;18.0;71303.0;16.0;71316;2;71317.0;18.0;71318.0;16.0;71310.5;0.0
0;20075.0;71308;1;71303.0;2.0;71302.0;10.0;71314;2;71315.0;10.0;71316.0;23.0;71311.0;0.0
0;20076.0;71321;11;71320.0;17.0;0.0;0.0;71334;11;71335.0;17.0;0.0;0.0;71327.5;0.0
0;20077.0;71330;2;71329.0;10.0;71328.0;28.0;71335;6;71341.0;2.0;71342.0;10.0;71332.5;0.0
0;20078.0;71328;15;71327.0;25.0;0.0;0.0;71341;15;71342.0;25.0;0.0;0.0;71334.5;0.0
0;20079.0;71324;1;71323.0;12.0;71322.0;30.0;71335;1;71336.0;12.0;71337.0;30.0;71329.5;0.0
0;20080.0;71323;1;71322.0;15.0;71321.0;27.0;71334;1;71335.0;15.0;71336.0;27.0;71328.5;0.0
0;20081.0;71326;1;71325.0;16.0;71324.0;26.0;71337;1;71338.0;16.0;71339.0;26.0;71331.5;0.0
0;20082.0;71320;15;71319.0;28.0;0.0;0.0;71333;15;71334.0;28.0;0.0;0.0;71326.5;0.0
0;20083.0;71334;11;71333.0;22.0;0.0;0.0;71347;11;71348.0;22.0;0.0;0.0;71340.5;0.0
0;20084.0;71327;1;71326.0;17.0;71325.0;29.0;71338;1;71339.0;17.0;71340.0;29.0;71332.5;0.0
0;20085.0;71314;17;71313.0;22.0;0.0;0.0;71327;17;71328.0;22.0;0.0;0.0;71320.5;0.0
0;20086.0;71326;11;71325.0;16.0;0.0;0.0;71339;11;71340.0;16.0;0.0;0.0;71332.5;0.0
0;20087.0;71351;8;71341.0;1.0;71340.0;12.0;71352;1;71353.0;12.0;71354.0;23.0;71351.5;0.0
0;20088.0;71345;1;71344.0;13.0;71343.0;16.0;71356;1;71357.0;13.0;71358.0;16.0;71350.5;0.0
0;20089.0;71349;15;71348.0;22.0;0.0;0.0;71362;15;71364.0;22.0;0.0;0.0;71355.5;0.0
0;20090.0;71371;1;71370.0;11.0;71369.0;27.0;71382;1;71383.0;11.0;71384.0;27.0;71376.5;0.0
0;20091.0;71376;4;71370.0;10.0;71369.0;15.0;71383;10;71384.0;15.0;0.0;0.0;71379.5;0.0
0;20092.0;71377;1;71376.0;19.0;71375.0;28.0;71388;1;71389.0;19.0;71391.0;28.0;71382.5;0.0
0;20093.0;71394;20;71393.0;15.0;0.0;0.0;71407;20;71408.0;15.0;0.0;0.0;71400.5;0.0
0;20094.0;71386;10;71385.0;20.0;0.0;0.0;71399;10;71400.0;20.0;0.0;0.0;71392.5;0.0
0;20095.0;71399;2;71398.0;15.0;71397.0;17.0;71410;2;71411.0;15.0;71412.0;17.0;71404.5;0.0
0;20096.0;71386;1;71385.0;14.0;71384.0;26.0;71397;1;71398.0;14.0;71399.0;26.0;71391.5;0.0
0;20097.0;71378;12;71377.0;23.0;0.0;0.0;71391;12;71392.0;23.0;0.0;0.0;71384.5;0.0
0;20098.0;71383;18;71381.0;21.0;0.0;0.0;71396;18;71397.0;21.0;0.0;0.0;71389.5;0.0
0;20099.0;71378;13;71377.0;16.0;0.0;0.0;71384;3;71391.0;13.0;71392.0;16.0;71381.0;0.0
0;20100.0;71380;13;71379.0;29.0;0.0;0.0;71393;13;71394.0;29.0;0.0;0.0;71386.5;0.0
0;20101.0;71374;2;71373.0;19.0;71372.0;28.0;71385;2;71386.0;19.0;71387.0;28.0;71379.5;0.0
0;20102.0;71368;10;71367.0;21.0;0.0;0.0;71381;10;71383.0;21.0;0.0;0.0;71374.5;0.0
0;20103.0;71371;2;71370.0;11.0;71369.0;29.0;71382;2;71383.0;11.0;71384.0;29.0;71376.5;0.0
0;20104.0;71381;2;71380.0;18.0;71379.0;17.0;71392;2;71393.0;18.0;71395.0;17.0;71386.5;0.0
0;20105.0;71390;16;71388.0;20.0;0.0;0.0;71403;16;71404.0;20.0;0.0;0.0;71396.5;0.0
0;20106.0;71404;1;71403.0;19.0;71402.0;21.0;71415;1;71416.0;19.0;71417.0;21.0;71409.5;0.0
0;20107.0;71404;18;71402.0;29.0;0.0;0.0;71417;18;71418.0;29.0;0.0;0.0;71410.5;0.0
0;20108.0;71391;14;71390.0;21.0;0.0;0.0;71405;14;71406.0;21.0;0.0;0.0;71398.0;0.0
0;20109.0;71382;18;71381.0;21.0;0.0;0.0;71395;18;71396.0;21.0;0.0;0.0;71388.5;0.0
0;20110.0;71372;1;71371.0;11.0;71370.0;25.0;71383;1;71384.0;11.0;71385.0;25.0;71377.5;0.0
0;20111.0;71371;1;71370.0;14.0;71369.0;16.0;71376;7;71382.0;1.0;71383.0;14.0;71373.5;0.0
0;20112.0;71379;2;71378.0;18.0;71377.0;22.0;71390;2;71391.0;18.0;71392.0;22.0;71384.5;0.0
0;20113.0;71374;1;71373.0;11.0;71372.0;23.0;71385;1;71386.0;11.0;71387.0;23.0;71379.5;0.0
0;20114.0;71383;1;71382.0;10.0;71381.0;27.0;71394;1;71395.0;10.0;71396.0;27.0;71388.5;0.0
0;20115.0;71391;1;71390.0;14.0;71389.0;30.0;71402;1;71403.0;14.0;71404.0;30.0;71396.5;0.0
0;20116.0;71388;1;71387.0;17.0;71386.0;29.0;71399;1;71400.0;17.0;71401.0;29.0;71393.5;0.0
0;20117.0;71384;12;71383.0;23.0;0.0;0.0;71397;12;71399.0;23.0;0.0;0.0;71390.5;0.0
0;20118.0;71377;1;71376.0;14.0;71375.0;27.0;71388;1;71389.0;14.0;71391.0;27.0;71382.5;0.0
0;20119.0;71385;19;71384.0;18.0;0.0;0.0;71398;19;71399.0;18.0;0.0;0.0;71391.5;0.0
0;20120.0;71395;17;71394.0;26.0;0.0;0.0;71408;17;71409.0;26.0;0.0;0.0;71401.5;0.0
0;20121.0;71398;1;71392.0;13.0;71391.0;29.0;71405;13;71406.0;29.0;0.0;0.0;71401.5;0.0
0;20122.0;71396;2;71395.0;18.0;71393.0;26.0;71407;2;71408.0;18.0;71409.0;26.0;71401.5;0.0
0;20123.0;71396;2;71395.0;12.0;71394.0;28.0;71407;2;71408.0;12.0;71409.0;28.0;71401.5;0.0
0;20124.0;71401;1;71400.0;14.0;71399.0;17.0;71412;1;71413.0;14.0;71414.0;17.0;71406.5;0.0
0;20125.0;71384;1;71383.0;11.0;71382.0;17.0;71395;1;71396.0;11.0;71397.0;17.0;71389.5;0.0
0;20126.0;71390;2;71389.0;16.0;71388.0;23.0;71401;2;71402.0;16.0;71403.0;23.0;71395.5;0.0
0;20127.0;71393;1;71392.0;12.0;71391.0;18.0;71404;1;71405.0;12.0;71406.0;18.0;71398.5;0.0
0;20128.0;71391;5;71386.0;2.0;71385.0;20.0;71397;2;71398.0;20.0;71399.0;21.0;71394.0;0.0
0;20129.0;71399;1;71398.0;13.0;71396.0;26.0;71410;1;71411.0;13.0;71412.0;26.0;71404.5;0.0
0;20130.0;71391;15;71390.0;26.0;0.0;0.0;71404;15;71405.0;26.0;0.0;0.0;71397.5;0.0
0;20131.0;71387;11;71386.0;23.0;0.0;0.0;71400;11;71401.0;23.0;0.0;0.0;71393.5;0.0
0;20132.0;71384;2;71383.0;20.0;71382.0;18.0;71395;2;71396.0;20.0;71397.0;18.0;71389.5;0.0
0;20133.0;71393;16;71392.0;23.0;0.0;0.0;71406;16;71407.0;23.0;0.0;0.0;71399.5;0.0
0;20134.0;71396;2;71395.0;15.0;71394.0;16.0;71407;2;71408.0;15.0;71409.0;16.0;71401.5;0.0
0;20135.0;71385;1;71384.0;14.0;71383.0;15.0;71396;1;71397.0;14.0;71398.0;15.0;71390.5;0.0
0;20136.0;71387;1;71386.0;16.0;71385.0;16.0;71398;1;71399.0;16.0;71400.0;16.0;71392.5;0.0
0;20137.0;71382;2;71381.0;17.0;71380.0;18.0;71393;2;71394.0;17.0;71395.0;18.0;71387.5;0.0
0;20138.0;71385;2;71383.0;19.0;71382.0;23.0;71396;2;71397.0;19.0;71398.0;23.0;71390.5;0.0
0;20139.0;71386;1;71385.0;12.0;71384.0;18.0;71397;1;71398.0;12.0;71399.0;18.0;71391.5;0.0
0;20140.0;71382;20;71381.0;21.0;0.0;0.0;71395;20;71396.0;21.0;0.0;0.0;71388.5;0.0
0;20141.0;71388;1;71387.0;13.0;71386.0;18.0;71399;1;71400.0;13.0;71402.0;18.0;71393.5;0.0
0;20142.0;71393;2;71392.0;20.0;71391.0;27.0;71404;2;71405.0;20.0;71406.0;27.0;71398.5;0.0
0;20143.0;71390;2;71389.0;10.0;71388.0;16.0;71401;2;71402.0;10.0;71403.0;16.0;71395.5;0.0
0;20144.0;71405;5;71395.0;2.0;71394.0;20.0;71406;2;71407.0;20.0;71408.0;27.0;71405.5;0.0
0;20145.0;71406;1;71405.0;16.0;71404.0;17.0;71417;1;71418.0;16.0;71419.0;17.0;71411.5;0.0
0;20146.0;71400;1;71399.0;14.0;71398.0;16.0;71411;1;71412.0;14.0;71413.0;16.0;71405.5;0.0
0;20147.0;71388;11;71387.0;21.0;0.0;0.0;71401;11;71402.0;21.0;0.0;0.0;71394.5;0.0
0;20148.0;71387;2;71385.0;11.0;71384.0;19.0;71398;2;71399.0;11.0;71400.0;19.0;71392.5;0.0
0;20149.0;71387;2;71385.0;14.0;71384.0;30.0;71398;2;71399.0;14.0;71400.0;30.0;71392.5;0.0
0;20150.0;71390;2;71389.0;15.0;71388.0;17.0;71401;2;71402.0;15.0;71403.0;17.0;71395.5;0.0
0;20151.0;71393;1;71391.0;13.0;71390.0;30.0;71403;1;71405.0;13.0;71406.0;30.0;71398.0;0.0
0;20152.0;71392;1;71391.0;14.0;71390.0;24.0;71403;1;71404.0;14.0;71405.0;24.0;71397.5;0.0
0;20153.0;71392;2;71391.0;11.0;71390.0;20.0;71403;2;71404.0;11.0;71405.0;20.0;71397.5;0.0
0;20154.0;71405;2;71404.0;14.0;71403.0;25.0;71416;2;71417.0;14.0;71418.0;25.0;71410.5;0.0
0;20155.0;71404;2;71403.0;20.0;71402.0;27.0;71415;2;71416.0;20.0;71417.0;27.0;71409.5;0.0
0;20156.0;71399;15;71398.0;23.0;0.0;0.0;71413;15;71414.0;23.0;0.0;0.0;71406.0;0.0
0;20157.0;71389;1;71388.0;18.0;71387.0;27.0;71400;1;71401.0;18.0;71402.0;27.0;71394.5;0.0
0;20158.0;71380;2;71379.0;12.0;71378.0;17.0;71391;2;71392.0;12.0;71393.0;17.0;71385.5;0.0
0;20159.0;71371;2;71370.0;10.0;71369.0;21.0;71382;2;71384.0;10.0;71385.0;21.0;71376.5;0.0
0;20160.0;71378;20;71377.0;30.0;0.0;0.0;71391;20;71392.0;30.0;0.0;0.0;71384.5;0.0
0;20161.0;71376;2;71375.0;16.0;71374.0;30.0;71387;2;71388.0;16.0;71389.0;30.0;71381.5;0.0
0;20162.0;71360;15;71359.0;25.0;0.0;0.0;71373;15;71374.0;25.0;0.0;0.0;71366.5;0.0
0;20163.0;71373;10;71372.0;18.0;0.0;0.0;71386;10;71387.0;18.0;0.0;0.0;71379.5;0.0
0;20164.0;71380;2;71379.0;16.0;71378.0;19.0;71391;2;71392.0;16.0;71393.0;19.0;71385.5;0.0
0;20165.0;71375;2;71374.0;14.0;71373.0;29.0;71386;2;71387.0;14.0;71389.0;29.0;71380.5;0.0
0;20166.0;71372;2;71371.0;20.0;71370.0;27.0;71383;2;71384.0;20.0;71385.0;27.0;71377.5;0.0
0;20167.0;71376;2;71375.0;17.0;71373.0;23.0;71387;2;71388.0;17.0;71389.0;23.0;71381.5;0.0
0;20168.0;71364;1;71363.0;16.0;71362.0;23.0;71375;1;71376.0;16.0;71377.0;23.0;71369.5;0.0
0;20169.0;71378;2;71377.0;14.0;71376.0;20.0;71389;2;71390.0;14.0;71391.0;20.0;71383.5;0.0
0;20170.0;71380;1;71379.0;19.0;71377.0;29.0;71391;1;71392.0;19.0;71393.0;29.0;71385.5;0.0
0;20171.0;71370;20;71369.0;29.0;0.0;0.0;71384;20;71385.0;29.0;0.0;0.0;71377.0;0.0
0;20172.0;71374;1;71373.0;14.0;71371.0;27.0;71385;1;71386.0;14.0;71387.0;27.0;71379.5;0.0
0;20173.0;71373;2;71371.0;10.0;71370.0;28.0;71384;2;71385.0;10.0;71386.0;28.0;71378.5;0.0
0;20174.0;71364;3;71352.0;11.0;71351.0;22.0;71365;11;71367.0;22.0;0.0;0.0;71364.5;0.0
0;20175.0;71353;1;71352.0;13.0;71351.0;24.0;71364;1;71365.0;13.0;71366.0;24.0;71358.5;0.0
0;20176.0;71352;1;71351.0;11.0;71349.0;18.0;71363;1;71364.0;11.0;71365.0;18.0;71357.5;0.0
0;20177.0;71338;20;71337.0;17.0;0.0;0.0;71351;20;71352.0;17.0;0.0;0.0;71344.5;0.0
0;20178.0;71338;1;71337.0;12.0;71336.0;19.0;71349;1;71350.0;12.0;71351.0;19.0;71343.5;0.0
0;20179.0;71338;15;71336.0;21.0;0.0;0.0;71351;15;71352.0;21.0;0.0;0.0;71344.5;0.0
0;20180.0;71330;1;71329.0;13.0;71328.0;23.0;71341;1;71342.0;13.0;71343.0;23.0;71335.5;0.0
0;20181.0;71314;2;71313.0;13.0;71312.0;21.0;71325;2;71326.0;13.0;71327.0;21.0;71319.5;0.0
0;20182.0;71313;10;71312.0;27.0;0.0;0.0;71326;10;71328.0;27.0;0.0;0.0;71319.5;0.0
0;20183.0;71306;1;71305.0;11.0;71304.0;19.0;71317;1;71318.0;11.0;71319.0;19.0;71311.5;0.0
0;20184.0;71311;7;71306.0;2.0;71304.0;10.0;71316;2;71318.0;10.0;71319.0;17.0;71313.5;0.0
0;20185.0;71321;1;71320.0;13.0;71319.0;19.0;71332;1;71333.0;13.0;71334.0;19.0;71326.5;0.0
0;20186.0;71322;2;71321.0;18.0;71320.0;16.0;71333;2;71334.0;18.0;71335.0;16.0;71327.5;0.0
0;20187.0;71334;1;71333.0;13.0;71332.0;20.0;71345;1;71346.0;13.0;71347.0;20.0;71339.5;0.0
0;20188.0;71352;2;71351.0;16.0;71350.0;22.0;71363;2;71364.0;16.0;71365.0;22.0;71357.5;0.0
0;20189.0;71352;2;71351.0;17.0;71350.0;22.0;71363;2;71364.0;17.0;71365.0;22.0;71357.5;0.0
0;20190.0;71351;1;71349.0;17.0;71348.0;23.0;71362;1;71363.0;17.0;71364.0;23.0;71356.5;0.0
0;20191.0;71349;16;71348.0;19.0;0.0;0.0;71362;16;71363.0;19.0;0.0;0.0;71355.5;0.0
0;20192.0;71342;1;71341.0;16.0;71340.0;28.0;71353;1;71354.0;16.0;71355.0;28.0;71347.5;0.0
0;20193.0;71344;1;71343.0;10.0;71342.0;28.0;71355;1;71356.0;10.0;71357.0;28.0;71349.5;0.0
0;20194.0;71343;2;71342.0;17.0;71341.0;27.0;71354;2;71355.0;17.0;71356.0;27.0;71348.5;0.0
0;20195.0;71358;1;71357.0;16.0;71356.0;24.0;71369;1;71370.0;16.0;71372.0;24.0;71363.5;0.0
0;20196.0;71364;2;71363.0;10.0;71362.0;22.0;71375;2;71376.0;10.0;71377.0;22.0;71369.5;0.0
0;20197.0;71376;2;71375.0;20.0;71374.0;22.0;71387;2;71388.0;20.0;71389.0;22.0;71381.5;0.0
0;20198.0;71381;1;71380.0;16.0;71379.0;29.0;71392;1;71393.0;16.0;71394.0;29.0;71386.5;0.0
0;20199.0;71375;19;71374.0;27.0;0.0;0.0;71388;19;71389.0;27.0;0.0;0.0;71381.5;0.0
0;20200.0;71377;1;71376.0;19.0;71375.0;29.0;71388;1;71389.0;19.0;71390.0;29.0;71382.5;0.0
0;20201.0;71376;1;71375.0;14.0;71374.0;18.0;71387;1;71388.0;14.0;71389.0;18.0;71381.5;0.0
0;20202.0;71367;2;71366.0;11.0;71365.0;15.0;71378;2;71379.0;11.0;71380.0;15.0;71372.5;0.0
0;20203.0;71372;14;71371.0;22.0;0.0;0.0;71385;14;71386.0;22.0;0.0;0.0;71378.5;0.0
0;20204.0;71359;2;71358.0;15.0;71357.0;29.0;71370;2;71371.0;15.0;71372.0;29.0;71364.5;0.0
0;20205.0;71360;15;71359.0;27.0;0.0;0.0;71374;15;71375.0;27.0;0.0;0.0;71367.0;0.0
0;20206.0;71381;11;71380.0;18.0;0.0;0.0;71394;11;71395.0;18.0;0.0;0.0;71387.5;0.0
0;20207.0;71399;2;71398.0;13.0;71397.0;15.0;71410;2;71411.0;13.0;71412.0;15.0;71404.5;0.0
0;20208.0;71389;1;71388.0;12.0;71387.0;18.0;71400;1;71401.0;12.0;71402.0;18.0;71394.5;0.0
0;20209.0;71389;2;71388.0;20.0;71387.0;15.0;71400;2;71401.0;20.0;71402.0;15.0;71394.5;0.0
0;20210.0;71396;1;71395.0;11.0;71394.0;29.0;71407;1;71408.0;11.0;71409.0;29.0;71401.5;0.0
0;20211.0;71387;19;71386.0;21.0;0.0;0.0;71400;19;71401.0;21.0;0.0;0.0;71393.5;0.0
0;20212.0;71384;2;71383.0;11.0;71382.0;19.0;71395;2;71396.0;11.0;71397.0;19.0;71389.5;0.0
0;20213.0;71388;17;71387.0;18.0;0.0;0.0;71394;5;71401.0;17.0;71402.0;18.0;71391.0;0.0
0;20214.0;71395;14;71394.0;15.0;0.0;0.0;71408;14;71409.0;15.0;0.0;0.0;71401.5;0.0
0;20215.0;71397;15;71396.0;25.0;0.0;0.0;71411;15;71412.0;25.0;0.0;0.0;71404.0;0.0
0;20216.0;71391;2;71390.0;11.0;71389.0;15.0;71396;1;71402.0;2.0;71403.0;11.0;71393.5;0.0
0;20217.0;71387;16;71386.0;17.0;0.0;0.0;71400;16;71401.0;17.0;0.0;0.0;71393.5;0.0
0;20218.0;71398;1;71397.0;20.0;71396.0;23.0;71409;1;71410.0;20.0;71411.0;23.0;71403.5;0.0
0;20219.0;71403;6;71402.0;15.0;0.0;0.0;71415;1;71416.0;10.0;71417.0;15.0;71409.0;0.0
0;20220.0;71394;2;71393.0;16.0;71392.0;21.0;71405;2;71406.0;16.0;71407.0;21.0;71399.5;0.0
0;20221.0;71392;1;71391.0;20.0;71390.0;26.0;71403;1;71405.0;20.0;71406.0;26.0;71397.5;0.0
0;20222.0;71397;2;71396.0;10.0;71395.0;19.0;71408;2;71409.0;10.0;71411.0;19.0;71402.5;0.0
0;20223.0;71386;1;71385.0;13.0;71384.0;21.0;71397;1;71398.0;13.0;71399.0;21.0;71391.5;0.0
0;20224.0;71371;1;71370.0;11.0;71368.0;25.0;71382;1;71383.0;11.0;71384.0;25.0;71376.5;0.0
0;20225.0;71368;2;71367.0;11.0;71366.0;27.0;71379;2;71380.0;11.0;71381.0;27.0;71373.5;0.0
0;20226.0;71364;12;71363.0;22.0;0.0;0.0;71377;12;71378.0;22.0;0.0;0.0;71370.5;0.0
0;20227.0;71366;8;71361.0;1.0;71359.0;13.0;71372;1;71373.0;13.0;71374.0;19.0;71369.0;0.0
0;20228.0;71351;11;71350.0;20.0;0.0;0.0;71364;11;71365.0;20.0;0.0;0.0;71357.5;0.0
0;20229.0;71362;1;71361.0;10.0;71360.0;25.0;71373;1;71374.0;10.0;71375.0;25.0;71367.5;0.0
0;20230.0;71365;2;71364.0;12.0;71363.0;15.0;71376;2;71377.0;12.0;71378.0;15.0;71370.5;0.0
0;20231.0;71364;2;71363.0;20.0;71362.0;20.0;71375;2;71376.0;20.0;71377.0;20.0;71369.5;0.0
0;20232.0;71382;1;71381.0;12.0;71380.0;27.0;71393;1;71394.0;12.0;71395.0;27.0;71387.5;0.0
0;20233.0;71387;18;71386.0;19.0;0.0;0.0;71400;18;71401.0;19.0;0.0;0.0;71393.5;0.0
0;20234.0;71399;10;71397.0;22.0;0.0;0.0;71412;10;71413.0;22.0;0.0;0.0;71405.5;0.0
0;20235.0;71386;18;71385.0;22.0;0.0;0.0;71399;18;71400.0;22.0;0.0;0.0;71392.5;0.0
0;20236.0;71391;2;71390.0;13.0;71389.0;20.0;71402;2;71403.0;13.0;71404.0;20.0;71396.5;0.0
0;20237.0;71389;19;71388.0;22.0;0.0;0.0;71402;19;71403.0;22.0;0.0;0.0;71395.5;0.0
0;20238.0;71397;14;71396.0;24.0;0.0;0.0;71410;14;71411.0;24.0;0.0;0.0;71403.5;0.0
0;20239.0;71405;2;71404.0;20.0;71403.0;29.0;71416;2;71417.0;20.0;71418.0;29.0;71410.5;0.0
0;20240.0;71409;16;71408.0;21.0;0.0;0.0;71423;16;71424.0;21.0;0.0;0.0;71416.0;0.0
0;20241.0;71409;1;71408.0;13.0;71407.0;18.0;71420;1;71421.0;13.0;71422.0;18.0;71414.5;0.0
0;20242.0;71417;2;71416.0;20.0;71415.0;21.0;71428;2;71429.0;20.0;71430.0;21.0;71422.5;0.0
0;20243.0;71413;2;71412.0;19.0;71411.0;29.0;71424;2;71426.0;19.0;71427.0;29.0;71418.5;0.0
0;20244.0;71404;2;71403.0;10.0;71402.0;29.0;71415;2;71416.0;10.0;71417.0;29.0;71409.5;0.0
0;20245.0;71404;10;71403.0;29.0;0.0;0.0;71417;10;71418.0;29.0;0.0;0.0;71410.5;0.0
0;20246.0;71409;15;71408.0;24.0;0.0;0.0;71422;15;71423.0;24.0;0.0;0.0;71415.5;0.0
0;20247.0;71424;1;71423.0;19.0;71421.0;24.0;71435;1;71436.0;19.0;71437.0;24.0;71429.5;0.0
0;20248.0;71418;2;71417.0;13.0;71416.0;24.0;71429;2;71430.0;13.0;71431.0;24.0;71423.5;0.0
0;20249.0;71413;2;71412.0;20.0;71411.0;23.0;71424;2;71425.0;20.0;71426.0;23.0;71418.5;0.0
0;20250.0;71412;2;71411.0;20.0;71410.0;23.0;71423;2;71424.0;20.0;71425.0;23.0;71417.5;0.0
0;20251.0;71409;1;71407.0;16.0;71406.0;20.0;71420;1;71421.0;16.0;71422.0;20.0;71414.5;0.0
0;20252.0;71393;14;71392.0;30.0;0.0;0.0;71407;14;71408.0;30.0;0.0;0.0;71400.0;0.0
0;20253.0;71386;2;71385.0;20.0;71384.0;30.0;71397;2;71398.0;20.0;71399.0;30.0;71391.5;0.0
0;20254.0;71402;2;71401.0;12.0;71400.0;28.0;71413;2;71414.0;12.0;71415.0;28.0;71407.5;0.0
0;20255.0;71408;2;71407.0;13.0;71406.0;17.0;71419;2;71420.0;13.0;71421.0;17.0;71413.5;0.0
0;20256.0;71410;2;71409.0;19.0;71408.0;27.0;71421;2;71422.0;19.0;71423.0;27.0;71415.5;0.0
0;20257.0;71418;1;71417.0;16.0;71416.0;20.0;71423;7;71429.0;1.0;71430.0;16.0;71420.5;0.0
0;20258.0;71425;3;71414.0;1.0;71413.0;10.0;71426;10;71427.0;21.0;0.0;0.0;71425.5;0.0
0;20259.0;71414;1;71413.0;10.0;71411.0;26.0;71425;1;71426.0;10.0;71427.0;26.0;71419.5;0.0
0;20260.0;71402;12;71401.0;21.0;0.0;0.0;71415;12;71416.0;21.0;0.0;0.0;71408.5;0.0
0;20261.0;71405;20;71403.0;15.0;0.0;0.0;71418;20;71419.0;15.0;0.0;0.0;71411.5;0.0
0;20262.0;71428;14;71427.0;23.0;0.0;0.0;71441;14;71442.0;23.0;0.0;0.0;71434.5;0.0
0;20263.0;71427;1;71426.0;10.0;71425.0;27.0;71438;1;71439.0;10.0;71440.0;27.0;71432.5;0.0
0;20264.0;71433;13;71432.0;25.0;0.0;0.0;71446;13;71447.0;25.0;0.0;0.0;71439.5;0.0
0;20265.0;71430;12;71429.0;15.0;0.0;0.0;71443;12;71444.0;15.0;0.0;0.0;71436.5;0.0
0;20266.0;71431;1;71430.0;16.0;71429.0;25.0;71442;1;71443.0;16.0;71444.0;25.0;71436.5;0.0
0;20267.0;71436;1;71435.0;20.0;71434.0;19.0;71447;1;71448.0;20.0;71449.0;19.0;71441.5;0.0
0;20268.0;71428;15;71427.0;24.0;0.0;0.0;71441;15;71442.0;24.0;0.0;0.0;71434.5;0.0
0;20269.0;71436;20;71435.0;21.0;0.0;0.0;71449;20;71450.0;21.0;0.0;0.0;71442.5;0.0
0;20270.0;71433;11;71432.0;30.0;0.0;0.0;71446;11;71447.0;30.0;0.0;0.0;71439.5;0.0
0;20271.0;71427;1;71426.0;15.0;71425.0;26.0;71438;1;71439.0;15.0;71440.0;26.0;71432.5;0.0
0;20272.0;71424;2;71423.0;10.0;71422.0;17.0;71435;2;71436.0;10.0;71437.0;17.0;71429.5;0.0
0;20273.0;71412;2;71411.0;12.0;71410.0;19.0;71423;2;71424.0;12.0;71425.0;19.0;71417.5;0.0
0;20274.0;71416;2;71415.0;16.0;71414.0;19.0;71427;2;71428.0;16.0;71429.0;19.0;71421.5;0.0
0;20275.0;71413;1;71412.0;19.0;71411.0;21.0;71424;1;71425.0;19.0;71427.0;21.0;71418.5;0.0
0;20276.0;71400;2;71399.0;19.0;71398.0;15.0;71411;2;71412.0;19.0;71413.0;15.0;71405.5;0.0
0;20277.0;71400;1;71399.0;13.0;71398.0;15.0;71411;1;71412.0;13.0;71413.0;15.0;71405.5;0.0
0;20278.0;71401;11;71400.0;27.0;0.0;0.0;71402;4;71413.0;2.0;71414.0;11.0;71401.5;0.0
0;20279.0;71412;5;71406.0;14.0;71405.0;24.0;71419;14;71420.0;24.0;0.0;0.0;71415.5;0.0
0;20280.0;71403;1;71402.0;18.0;71401.0;21.0;71414;1;71415.0;18.0;71416.0;21.0;71408.5;0.0
0;20281.0;71386;15;71385.0;28.0;0.0;0.0;71399;15;71400.0;28.0;0.0;0.0;71392.5;0.0
0;20282.0;71385;10;71384.0;23.0;0.0;0.0;71398;10;71399.0;23.0;0.0;0.0;71391.5;0.0
0;20283.0;71382;1;71381.0;13.0;71380.0;27.0;71393;1;71394.0;13.0;71395.0;27.0;71387.5;0.0
0;20284.0;71376;1;71375.0;17.0;71374.0;23.0;71387;1;71388.0;17.0;71390.0;23.0;71381.5;0.0
0;20285.0;71384;13;71383.0;27.0;0.0;0.0;71398;13;71399.0;27.0;0.0;0.0;71391.0;0.0
0;20286.0;71370;1;71369.0;17.0;71367.0;27.0;71381;1;71382.0;17.0;71383.0;27.0;71375.5;0.0
0;20287.0;71366;2;71365.0;16.0;71364.0;17.0;71377;2;71378.0;16.0;71379.0;17.0;71371.5;0.0
0;20288.0;71373;1;71372.0;11.0;71371.0;27.0;71384;1;71385.0;11.0;71387.0;27.0;71378.5;0.0
0;20289.0;71381;2;71380.0;20.0;71379.0;15.0;71392;2;71393.0;20.0;71394.0;15.0;71386.5;0.0
0;20290.0;71381;14;71379.0;29.0;0.0;0.0;71394;14;71395.0;29.0;0.0;0.0;71387.5;0.0
0;20291.0;71375;15;71374.0;21.0;0.0;0.0;71388;15;71389.0;21.0;0.0;0.0;71381.5;0.0
0;20292.0;71364;2;71363.0;10.0;71362.0;16.0;71375;2;71376.0;10.0;71377.0;16.0;71369.5;0.0
0;20293.0;71368;18;71367.0;15.0;0.0;0.0;71381;18;71382.0;15.0;0.0;0.0;71374.5;0.0
0;20294.0;71379;7;71368.0;19.0;71366.0;15.0;71381;19;71382.0;15.0;0.0;0.0;71380.0;0.0
0;20295.0;71378;1;71377.0;11.0;71376.0;22.0;71389;1;71390.0;11.0;71391.0;22.0;71383.5;0.0
0;20296.0;71388;2;71387.0;20.0;71385.0;15.0;71399;2;71400.0;20.0;71401.0;15.0;71393.5;0.0
0;20297.0;71386;18;71385.0;15.0;0.0;0.0;71399;18;71400.0;15.0;0.0;0.0;71392.5;0.0
0;20298.0;71387;1;71386.0;18.0;71385.0;16.0;71398;1;71399.0;18.0;71400.0;16.0;71392.5;0.0
0;20299.0;71386;1;71385.0;17.0;71384.0;22.0;71391;4;71397.0;1.0;71398.0;17.0;71388.5;0.0
0;20300.0;71391;1;71390.0;16.0;71389.0;16.0;71402;1;71403.0;16.0;71404.0;16.0;71396.5;0.0
0;20301.0;71387;1;71386.0;17.0;71385.0;17.0;71398;1;71399.0;17.0;71401.0;17.0;71392.5;0.0
0;20302.0;71389;19;71388.0;30.0;0.0;0.0;71402;19;71403.0;30.0;0.0;0.0;71395.5;0.0
0;20303.0;71400;2;71399.0;16.0;71397.0;30.0;71411;2;71412.0;16.0;71413.0;30.0;71405.5;0.0
0;20304.0;71396;2;71395.0;12.0;71394.0;15.0;71407;2;71408.0;12.0;71410.0;15.0;71401.5;0.0
0;20305.0;71389;2;71388.0;20.0;71387.0;25.0;71400;2;71401.0;20.0;71402.0;25.0;71394.5;0.0
0;20306.0;71394;1;71393.0;12.0;71392.0;16.0;71399;1;71405.0;1.0;71406.0;12.0;71396.5;0.0
0;20307.0;71398;10;71397.0;21.0;0.0;0.0;71411;10;71412.0;21.0;0.0;0.0;71404.5;0.0
0;20308.0;71409;2;71404.0;1.0;71403.0;12.0;71415;1;71417.0;12.0;71418.0;15.0;71412.0;0.0
0;20309.0;71407;17;71406.0;15.0;0.0;0.0;71420;17;71422.0;15.0;0.0;0.0;71413.5;0.0
0;20310.0;71420;18;71419.0;18.0;0.0;0.0;71433;18;71434.0;18.0;0.0;0.0;71426.5;0.0
0;20311.0;71417;10;71416.0;17.0;0.0;0.0;71430;10;71431.0;17.0;0.0;0.0;71423.5;0.0
0;20312.0;71426;1;71425.0;11.0;71424.0;30.0;71437;1;71438.0;11.0;71439.0;30.0;71431.5;0.0
0;20313.0;71442;2;71441.0;13.0;71440.0;25.0;71453;2;71454.0;13.0;71455.0;25.0;71447.5;0.0
0;20314.0;71435;15;71434.0;16.0;0.0;0.0;71449;15;71450.0;16.0;0.0;0.0;71442.0;0.0
0;20315.0;71442;2;71441.0;12.0;71440.0;28.0;71453;2;71454.0;12.0;71455.0;28.0;71447.5;0.0
0;20316.0;71440;11;71439.0;25.0;0.0;0.0;71453;11;71454.0;25.0;0.0;0.0;71446.5;0.0
0;20317.0;71433;2;71432.0;20.0;71431.0;25.0;71444;2;71445.0;20.0;71446.0;25.0;71438.5;0.0
0;20318.0;71422;17;71421.0;23.0;0.0;0.0;71436;17;71437.0;23.0;0.0;0.0;71429.0;0.0
0;20319.0;71422;4;71410.0;10.0;71409.0;27.0;71423;10;71424.0;27.0;0.0;0.0;71422.5;0.0
0;20320.0;71419;2;71418.0;20.0;71417.0;17.0;71430;2;71431.0;20.0;71432.0;17.0;71424.5;0.0
0;20321.0;71424;1;71423.0;20.0;71422.0;19.0;71435;1;71436.0;20.0;71437.0;19.0;71429.5;0.0
0;20322.0;71408;1;71407.0;15.0;71406.0;24.0;71419;1;71420.0;15.0;71421.0;24.0;71413.5;0.0
0;20323.0;71422;1;71421.0;11.0;71420.0;28.0;71433;1;71435.0;11.0;71436.0;28.0;71427.5;0.0
0;20324.0;71426;1;71425.0;18.0;71424.0;15.0;71437;1;71438.0;18.0;71439.0;15.0;71431.5;0.0
0;20325.0;71423;2;71422.0;16.0;71421.0;18.0;71434;2;71435.0;16.0;71436.0;18.0;71428.5;0.0
0;20326.0;71416;2;71415.0;15.0;71414.0;15.0;71427;2;71428.0;15.0;71429.0;15.0;71421.5;0.0
0;20327.0;71413;14;71412.0;15.0;0.0;0.0;71426;14;71427.0;15.0;0.0;0.0;71419.5;0.0
0;20328.0;71405;1;71404.0;12.0;71403.0;21.0;71410;2;71416.0;1.0;71417.0;12.0;71407.5;0.0
0;20329.0;71399;19;71398.0;27.0;0.0;0.0;71412;19;71413.0;27.0;0.0;0.0;71405.5;0.0
0;20330.0;71398;4;71393.0;1.0;71392.0;20.0;71404;1;71405.0;20.0;71406.0;20.0;71401.0;0.0
0;20331.0;71397;1;71396.0;16.0;71395.0;23.0;71402;3;71408.0;1.0;71410.0;16.0;71399.5;0.0
0;20332.0;71399;16;71398.0;22.0;0.0;0.0;71413;16;71414.0;22.0;0.0;0.0;71406.0;0.0
0;20333.0;71390;20;71389.0;18.0;0.0;0.0;71403;20;71404.0;18.0;0.0;0.0;71396.5;0.0
0;20334.0;71383;2;71381.0;14.0;71380.0;16.0;71393;2;71395.0;14.0;71396.0;16.0;71388.0;0.0
0;20335.0;71377;19;71376.0;17.0;0.0;0.0;71391;19;71392.0;17.0;0.0;0.0;71384.0;0.0
0;20336.0;71375;17;71373.0;23.0;0.0;0.0;71388;17;71389.0;23.0;0.0;0.0;71381.5;0.0
0;20337.0;71374;18;71372.0;29.0;0.0;0.0;71387;18;71388.0;29.0;0.0;0.0;71380.5;0.0
0;20338.0;71384;1;71383.0;13.0;71382.0;19.0;71395;1;71396.0;13.0;71397.0;19.0;71389.5;0.0
0;20339.0;71359;13;71358.0;21.0;0.0;0.0;71372;13;71373.0;21.0;0.0;0.0;71365.5;0.0
0;20340.0;71376;13;71375.0;22.0;0.0;0.0;71389;13;71390.0;22.0;0.0;0.0;71382.5;0.0
0;20341.0;71385;1;71384.0;16.0;71383.0;23.0;71396;1;71397.0;16.0;71398.0;23.0;71390.5;0.0
0;20342.0;71392;3;71387.0;1.0;71386.0;12.0;71398;1;71399.0;12.0;71400.0;20.0;71395.0;0.0
0;20343.0;71374;1;71373.0;12.0;71372.0;27.0;71379;2;71385.0;1.0;71386.0;12.0;71376.5;0.0
0;20344.0;71375;2;71373.0;11.0;71372.0;26.0;71385;2;71387.0;11.0;71388.0;26.0;71380.0;0.0
0;20345.0;71391;2;71390.0;12.0;71389.0;22.0;71402;2;71404.0;12.0;71405.0;22.0;71396.5;0.0
0;20346.0;71384;12;71383.0;24.0;0.0;0.0;71397;12;71398.0;24.0;0.0;0.0;71390.5;0.0
0;20347.0;71381;10;71380.0;16.0;0.0;0.0;71395;10;71396.0;16.0;0.0;0.0;71388.0;0.0
0;20348.0;71398;20;71397.0;28.0;0.0;0.0;71411;20;71412.0;28.0;0.0;0.0;71404.5;0.0
0;20349.0;71400;18;71399.0;15.0;0.0;0.0;71413;18;71414.0;15.0;0.0;0.0;71406.5;0.0
0;20350.0;71401;2;71400.0;19.0;71398.0;24.0;71412;2;71413.0;19.0;71414.0;24.0;71406.5;0.0
0;20351.0;71392;2;71390.0;17.0;71389.0;25.0;71403;2;71404.0;17.0;71405.0;25.0;71397.5;0.0
0;20352.0;71382;1;71380.0;10.0;71379.0;21.0;71393;1;71394.0;10.0;71395.0;21.0;71387.5;0.0
0;20353.0;71364;13;71363.0;24.0;0.0;0.0;71377;13;71378.0;24.0;0.0;0.0;71370.5;0.0
0;20354.0;71370;13;71369.0;29.0;0.0;0.0;71383;13;71384.0;29.0;0.0;0.0;71376.5;0.0
0;20355.0;71372;17;71371.0;23.0;0.0;0.0;71385;17;71386.0;23.0;0.0;0.0;71378.5;0.0
0;20356.0;71382;18;71381.0;24.0;0.0;0.0;71395;18;71396.0;24.0;0.0;0.0;71388.5;0.0
0;20357.0;71388;1;71387.0;11.0;71386.0;15.0;71399;1;71400.0;11.0;71402.0;15.0;71393.5;0.0
0;20358.0;71388;1;71387.0;12.0;71386.0;29.0;71399;1;71400.0;12.0;71401.0;29.0;71393.5;0.0
0;20359.0;71393;2;71392.0;19.0;71391.0;29.0;71404;2;71405.0;19.0;71406.0;29.0;71398.5;0.0
0;20360.0;71402;1;71401.0;20.0;71400.0;18.0;71413;1;71414.0;20.0;71415.0;18.0;71407.5;0.0
0;20361.0;71403;8;71397.0;17.0;71396.0;26.0;71410;17;71411.0;26.0;0.0;0.0;71406.5;0.0
0;20362.0;71408;14;71407.0;27.0;0.0;0.0;71421;14;71422.0;27.0;0.0;0.0;71414.5;0.0
0;20363.0;71419;1;71418.0;17.0;71417.0;15.0;71430;1;71432.0;17.0;71433.0;15.0;71424.5;0.0
0;20364.0;71417;14;71416.0;16.0;0.0;0.0;71430;14;71431.0;16.0;0.0;0.0;71423.5;0.0
0;20365.0;71418;1;71417.0;15.0;71416.0;15.0;71429;1;71430.0;15.0;71431.0;15.0;71423.5;0.0
0;20366.0;71415;1;71414.0;14.0;71413.0;27.0;71426;1;71427.0;14.0;71428.0;27.0;71420.5;0.0
0;20367.0;71404;14;71403.0;27.0;0.0;0.0;71410;4;71417.0;14.0;71418.0;27.0;71407.0;0.0
0;20368.0;71396;16;71394.0;17.0;0.0;0.0;71409;16;71410.0;17.0;0.0;0.0;71402.5;0.0
0;20369.0;71384;1;71383.0;17.0;71382.0;22.0;71395;1;71396.0;17.0;71397.0;22.0;71389.5;0.0
0;20370.0;71379;2;71378.0;12.0;71377.0;20.0;71390;2;71391.0;12.0;71392.0;20.0;71384.5;0.0
0;20371.0;71385;14;71384.0;29.0;0.0;0.0;71398;14;71399.0;29.0;0.0;0.0;71391.5;0.0
0;20372.0;71388;1;71387.0;14.0;71386.0;27.0;71399;1;71400.0;14.0;71401.0;27.0;71393.5;0.0
0;20373.0;71387;10;71386.0;28.0;0.0;0.0;71400;10;71401.0;28.0;0.0;0.0;71393.5;0.0
0;20374.0;71388;12;71387.0;25.0;0.0;0.0;71401;12;71402.0;25.0;0.0;0.0;71394.5;0.0
0;20375.0;71383;1;71382.0;14.0;71381.0;30.0;71394;1;71396.0;14.0;71397.0;30.0;71388.5;0.0
0;20376.0;71381;12;71380.0;19.0;0.0;0.0;71394;12;71395.0;19.0;0.0;0.0;71387.5;0.0
0;20377.0;71386;2;71385.0;19.0;71384.0;26.0;71391;3;71397.0;2.0;71398.0;19.0;71388.5;0.0
0;20378.0;71398;1;71397.0;20.0;71396.0;26.0;71409;1;71411.0;20.0;71412.0;26.0;71403.5;0.0
0;20379.0;71396;2;71395.0;20.0;71394.0;29.0;71407;2;71408.0;20.0;71409.0;29.0;71401.5;0.0
0;20380.0;71409;2;71408.0;10.0;71407.0;23.0;71420;2;71421.0;10.0;71422.0;23.0;71414.5;0.0
0;20381.0;71416;4;71410.0;15.0;71408.0;21.0;71423;15;71424.0;21.0;0.0;0.0;71419.5;0.0
0;20382.0;71404;20;71403.0;22.0;0.0;0.0;71410;1;71417.0;20.0;71418.0;22.0;71407.0;0.0
0;20383.0;71403;20;71402.0;18.0;0.0;0.0;71416;20;71417.0;18.0;0.0;0.0;71409.5;0.0
0;20384.0;71413;1;71412.0;19.0;71411.0;15.0;71424;1;71425.0;19.0;71426.0;15.0;71418.5;0.0
0;20385.0;71411;10;71410.0;23.0;0.0;0.0;71425;10;71426.0;23.0;0.0;0.0;71418.0;0.0
0;20386.0;71415;6;71410.0;2.0;71408.0;17.0;71421;2;71422.0;17.0;71423.0;20.0;71418.0;0.0
0;20387.0;71407;13;71406.0;15.0;0.0;0.0;71420;13;71421.0;15.0;0.0;0.0;71413.5;0.0
0;20388.0;71417;1;71416.0;20.0;71415.0;20.0;71422;2;71428.0;1.0;71429.0;20.0;71419.5;0.0
0;20389.0;71421;5;71415.0;14.0;71414.0;15.0;71428;14;71429.0;15.0;0.0;0.0;71424.5;0.0
0;20390.0;71425;7;71420.0;1.0;71419.0;20.0;71431;1;71432.0;20.0;71433.0;19.0;71428.0;0.0
0;20391.0;71420;10;71419.0;23.0;0.0;0.0;71433;10;71434.0;23.0;0.0;0.0;71426.5;0.0
0;20392.0;71413;1;71412.0;19.0;71411.0;16.0;71424;1;71425.0;19.0;71426.0;16.0;71418.5;0.0
0;20393.0;71417;19;71416.0;21.0;0.0;0.0;71431;19;71432.0;21.0;0.0;0.0;71424.0;0.0
0;20394.0;71421;1;71420.0;13.0;71419.0;16.0;71432;1;71433.0;13.0;71435.0;16.0;71426.5;0.0
0;20395.0;71417;2;71416.0;16.0;71415.0;20.0;71428;2;71429.0;16.0;71430.0;20.0;71422.5;0.0
0;20396.0;71413;2;71412.0;11.0;71411.0;23.0;71424;2;71425.0;11.0;71426.0;23.0;71418.5;0.0
0;20397.0;71410;11;71409.0;17.0;0.0;0.0;71411;4;71424.0;11.0;71425.0;17.0;71410.5;0.0
0;20398.0;71413;10;71412.0;23.0;0.0;0.0;71426;10;71427.0;23.0;0.0;0.0;71419.5;0.0
0;20399.0;71417;1;71416.0;11.0;71415.0;21.0;71428;1;71429.0;11.0;71430.0;21.0;71422.5;0.0
0;20400.0;71415;2;71414.0;20.0;71413.0;20.0;71426;2;71427.0;20.0;71428.0;20.0;71420.5;0.0
0;20401.0;71410;2;71400.0;1.0;71399.0;13.0;71411;1;71412.0;13.0;71413.0;29.0;71410.5;0.0
0;20402.0;71418;16;71417.0;27.0;0.0;0.0;71432;16;71433.0;27.0;0.0;0.0;71425.0;0.0
0;20403.0;71420;1;71419.0;14.0;71418.0;21.0;71431;1;71432.0;14.0;71434.0;21.0;71425.5;0.0
0;20404.0;71420;8;71415.0;1.0;71414.0;16.0;71426;1;71427.0;16.0;71428.0;24.0;71423.0;0.0
0;20405.0;71432;1;71431.0;15.0;71430.0;24.0;71443;1;71444.0;15.0;71445.0;24.0;71437.5;0.0
0;20406.0;71430;17;71429.0;26.0;0.0;0.0;71443;17;71444.0;26.0;0.0;0.0;71436.5;0.0
0;20407.0;71419;2;71418.0;19.0;71416.0;18.0;71430;2;71431.0;19.0;71432.0;18.0;71424.5;0.0
0;20408.0;71420;2;71419.0;19.0;71418.0;15.0;71431;2;71432.0;19.0;71433.0;15.0;71425.5;0.0
0;20409.0;71413;15;71412.0;29.0;0.0;0.0;71426;15;71427.0;29.0;0.0;0.0;71419.5;0.0
0;20410.0;71418;13;71417.0;27.0;0.0;0.0;71431;13;71432.0;27.0;0.0;0.0;71424.5;0.0
0;20411.0;71396;18;71395.0;29.0;0.0;0.0;71409;18;71410.0;29.0;0.0;0.0;71402.5;0.0
0;20412.0;71397;1;71396.0;18.0;71395.0;20.0;71408;1;71409.0;18.0;71410.0;20.0;71402.5;0.0
0;20413.0;71401;1;71400.0;13.0;71399.0;20.0;71412;1;71413.0;13.0;71414.0;20.0;71406.5;0.0
0;20414.0;71412;1;71411.0;11.0;71410.0;26.0;71423;1;71424.0;11.0;71425.0;26.0;71417.5;0.0
0;20415.0;71419;15;71418.0;29.0;0.0;0.0;71432;15;71433.0;29.0;0.0;0.0;71425.5;0.0
0;20416.0;71429;16;71428.0;22.0;0.0;0.0;71442;16;71443.0;22.0;0.0;0.0;71435.5;0.0
0;20417.0;71429;1;71428.0;14.0;71426.0;24.0;71440;1;71441.0;14.0;71442.0;24.0;71434.5;0.0
0;20418.0;71435;15;71434.0;22.0;0.0;0.0;71448;15;71449.0;22.0;0.0;0.0;71441.5;0.0
0;20419.0;71432;2;71431.0;15.0;71430.0;26.0;71443;2;71444.0;15.0;71445.0;26.0;71437.5;0.0
0;20420.0;71446;2;71445.0;14.0;71444.0;27.0;71457;2;71458.0;14.0;71459.0;27.0;71451.5;0.0
0;20421.0;71452;2;71451.0;12.0;71450.0;25.0;71463;2;71464.0;12.0;71465.0;25.0;71457.5;0.0
0;20422.0;71453;14;71452.0;25.0;0.0;0.0;71467;14;71468.0;25.0;0.0;0.0;71460.0;0.0
0;20423.0;71443;10;71442.0;23.0;0.0;0.0;71456;10;71457.0;23.0;0.0;0.0;71449.5;0.0
0;20424.0;71436;19;71434.0;21.0;0.0;0.0;71449;19;71450.0;21.0;0.0;0.0;71442.5;0.0
0;20425.0;71432;1;71431.0;14.0;71430.0;20.0;71443;1;71444.0;14.0;71445.0;20.0;71437.5;0.0
0;20426.0;71437;2;71436.0;10.0;71435.0;24.0;71448;2;71449.0;10.0;71450.0;24.0;71442.5;0.0
0;20427.0;71440;12;71439.0;16.0;0.0;0.0;71454;12;71455.0;16.0;0.0;0.0;71447.0;0.0
0;20428.0;71447;2;71446.0;10.0;71445.0;19.0;71458;2;71459.0;10.0;71460.0;19.0;71452.5;0.0
0;20429.0;71441;13;71440.0;16.0;0.0;0.0;71454;13;71455.0;16.0;0.0;0.0;71447.5;0.0
0;20430.0;71437;19;71436.0;28.0;0.0;0.0;71450;19;71451.0;28.0;0.0;0.0;71443.5;0.0
0;20431.0;71427;1;71426.0;15.0;71424.0;21.0;71438;1;71439.0;15.0;71440.0;21.0;71432.5;0.0
0;20432.0;71424;2;71423.0;13.0;71422.0;25.0;71435;2;71436.0;13.0;71437.0;25.0;71429.5;0.0
0;20433.0;71415;1;71414.0;13.0;71413.0;26.0;71426;1;71427.0;13.0;71428.0;26.0;71420.5;0.0
0;20434.0;71411;17;71410.0;17.0;0.0;0.0;71424;17;71425.0;17.0;0.0;0.0;71417.5;0.0
0;20435.0;71421;2;71420.0;10.0;71419.0;21.0;71432;2;71434.0;10.0;71435.0;21.0;71426.5;0.0
0;20436.0;71420;1;71419.0;14.0;71418.0;19.0;71431;1;71432.0;14.0;71433.0;19.0;71425.5;0.0
0;20437.0;71409;10;71408.0;19.0;0.0;0.0;71415;8;71422.0;10.0;71423.0;19.0;71412.0;0.0
0;20438.0;71419;2;71418.0;13.0;71417.0;30.0;71430;2;71431.0;13.0;71432.0;30.0;71424.5;0.0
0;20439.0;71422;18;71421.0;16.0;0.0;0.0;71435;18;71436.0;16.0;0.0;0.0;71428.5;0.0
0;20440.0;71411;14;71410.0;23.0;0.0;0.0;71424;14;71425.0;23.0;0.0;0.0;71417.5;0.0
0;20441.0;71410;1;71409.0;15.0;71407.0;25.0;71421;1;71422.0;15.0;71423.0;25.0;71415.5;0.0
0;20442.0;71413;2;71412.0;20.0;71411.0;21.0;71424;2;71425.0;20.0;71427.0;21.0;71418.5;0.0
0;20443.0;71416;2;71415.0;11.0;71414.0;22.0;71427;2;71428.0;11.0;71429.0;22.0;71421.5;0.0
0;20444.0;71418;1;71417.0;10.0;71416.0;25.0;71429;1;71430.0;10.0;71431.0;25.0;71423.5;0.0
0;20445.0;71414;1;71413.0;19.0;71412.0;20.0;71425;1;71426.0;19.0;71427.0;20.0;71419.5;0.0
0;20446.0;71418;1;71416.0;11.0;71415.0;27.0;71429;1;71430.0;11.0;71431.0;27.0;71423.5;0.0
0;20447.0;71429;12;71428.0;20.0;0.0;0.0;71442;12;71443.0;20.0;0.0;0.0;71435.5;0.0
0;20448.0;71429;1;71427.0;20.0;71426.0;19.0;71440;1;71441.0;20.0;71442.0;19.0;71434.5;0.0
0;20449.0;71426;2;71425.0;16.0;71424.0;18.0;71437;2;71439.0;16.0;71440.0;18.0;71431.5;0.0
0;20450.0;71426;14;71425.0;26.0;0.0;0.0;71439;14;71440.0;26.0;0.0;0.0;71432.5;0.0
0;20451.0;71422;17;71421.0;17.0;0.0;0.0;71434;1;71435.0;18.0;71436.0;17.0;71428.0;0.0
0;20452.0;71417;2;71416.0;20.0;71415.0;21.0;71428;2;71429.0;20.0;71430.0;21.0;71422.5;0.0
0;20453.0;71432;19;71431.0;23.0;0.0;0.0;71445;19;71446.0;23.0;0.0;0.0;71438.5;0.0
0;20454.0;71423;1;71422.0;10.0;71420.0;21.0;71428;1;71434.0;1.0;71435.0;10.0;71425.5;0.0
0;20455.0;71423;1;71422.0;20.0;71421.0;20.0;71434;1;71435.0;20.0;71437.0;20.0;71428.5;0.0
0;20456.0;71431;1;71430.0;15.0;71429.0;26.0;71442;1;71443.0;15.0;71444.0;26.0;71436.5;0.0
0;20457.0;71450;1;71449.0;17.0;71448.0;29.0;71461;1;71462.0;17.0;71464.0;29.0;71455.5;0.0
0;20458.0;71445;20;71444.0;29.0;0.0;0.0;71458;20;71459.0;29.0;0.0;0.0;71451.5;0.0
0;20459.0;71458;2;71457.0;11.0;71456.0;25.0;71469;2;71470.0;11.0;71471.0;25.0;71463.5;0.0
0;20460.0;71465;1;71464.0;14.0;71463.0;28.0;71476;1;71477.0;14.0;71478.0;28.0;71470.5;0.0
0;20461.0;71471;2;71470.0;18.0;71469.0;19.0;71482;2;71483.0;18.0;71484.0;19.0;71476.5;0.0
0;20462.0;71483;2;71482.0;13.0;71481.0;19.0;71494;2;71495.0;13.0;71496.0;19.0;71488.5;0.0
0;20463.0;71489;5;71478.0;16.0;71477.0;20.0;71491;16;71492.0;20.0;0.0;0.0;71490.0;0.0
0;20464.0;71485;5;71475.0;1.0;71473.0;18.0;71486;1;71487.0;18.0;71488.0;25.0;71485.5;0.0
0;20465.0;71476;14;71475.0;20.0;0.0;0.0;71489;14;71490.0;20.0;0.0;0.0;71482.5;0.0
0;20466.0;71485;2;71484.0;12.0;71483.0;29.0;71496;2;71497.0;12.0;71498.0;29.0;71490.5;0.0
0;20467.0;71482;2;71480.0;16.0;71479.0;22.0;71493;2;71494.0;16.0;71495.0;22.0;71487.5;0.0
0;20468.0;71479;1;71477.0;16.0;71476.0;21.0;71490;1;71491.0;16.0;71492.0;21.0;71484.5;0.0
0;20469.0;71480;1;71479.0;20.0;71478.0;21.0;71491;1;71492.0;20.0;71493.0;21.0;71485.5;0.0
0;20470.0;71469;2;71468.0;16.0;71467.0;29.0;71480;2;71481.0;16.0;71482.0;29.0;71474.5;0.0
0;20471.0;71471;18;71470.0;30.0;0.0;0.0;71484;18;71485.0;30.0;0.0;0.0;71477.5;0.0
0;20472.0;71471;18;71470.0;19.0;0.0;0.0;71484;18;71485.0;19.0;0.0;0.0;71477.5;0.0
0;20473.0;71459;19;71458.0;19.0;0.0;0.0;71472;19;71473.0;19.0;0.0;0.0;71465.5;0.0
0;20474.0;71439;11;71438.0;15.0;0.0;0.0;71452;11;71453.0;15.0;0.0;0.0;71445.5;0.0
0;20475.0;71443;2;71442.0;13.0;71441.0;18.0;71454;2;71455.0;13.0;71456.0;18.0;71448.5;0.0
0;20476.0;71439;19;71438.0;15.0;0.0;0.0;71453;19;71454.0;15.0;0.0;0.0;71446.0;0.0
0;20477.0;71433;15;71432.0;28.0;0.0;0.0;71446;15;71448.0;28.0;0.0;0.0;71439.5;0.0
0;20478.0;71421;1;71420.0;14.0;71419.0;17.0;71432;1;71433.0;14.0;71434.0;17.0;71426.5;0.0
0;20479.0;71414;11;71413.0;30.0;0.0;0.0;71427;11;71428.0;30.0;0.0;0.0;71420.5;0.0
0;20480.0;71421;11;71420.0;30.0;0.0;0.0;71434;11;71435.0;30.0;0.0;0.0;71427.5;0.0
0;20481.0;71422;2;71421.0;18.0;71420.0;30.0;71433;2;71434.0;18.0;71435.0;30.0;71427.5;0.0
0;20482.0;71418;12;71417.0;24.0;0.0;0.0;71424;2;71431.0;12.0;71433.0;24.0;71421.0;0.0
0;20483.0;71430;1;71429.0;17.0;71428.0;28.0;71441;1;71442.0;17.0;71443.0;28.0;71435.5;0.0
0;20484.0;71434;15;71432.0;26.0;0.0;0.0;71447;15;71448.0;26.0;0.0;0.0;71440.5;0.0
0;20485.0;71438;10;71437.0;30.0;0.0;0.0;71451;10;71452.0;30.0;0.0;0.0;71444.5;0.0
0;20486.0;71459;6;71452.0;16.0;71451.0;17.0;71466;16;71467.0;17.0;0.0;0.0;71462.5;0.0
0;20487.0;71448;2;71447.0;12.0;71446.0;22.0;71459;2;71460.0;12.0;71461.0;22.0;71453.5;0.0
0;20488.0;71443;11;71442.0;22.0;0.0;0.0;71456;11;71457.0;22.0;0.0;0.0;71449.5;0.0
0;20489.0;71444;2;71443.0;10.0;71442.0;27.0;71455;2;71456.0;10.0;71457.0;27.0;71449.5;0.0
0;20490.0;71436;1;71435.0;14.0;71434.0;22.0;71447;1;71448.0;14.0;71449.0;22.0;71441.5;0.0
0;20491.0;71424;11;71423.0;25.0;0.0;0.0;71438;11;71439.0;25.0;0.0;0.0;71431.0;0.0
0;20492.0;71421;5;71415.0;15.0;71414.0;25.0;71428;15;71430.0;25.0;0.0;0.0;71424.5;0.0
0;20493.0;71422;2;71421.0;16.0;71420.0;18.0;71433;2;71434.0;16.0;71435.0;18.0;71427.5;0.0
0;20494.0;71417;16;71415.0;19.0;0.0;0.0;71430;16;71431.0;19.0;0.0;0.0;71423.5;0.0
0;20495.0;71408;1;71407.0;13.0;71406.0;27.0;71419;1;71420.0;13.0;71421.0;27.0;71413.5;0.0
0;20496.0;71406;10;71405.0;25.0;0.0;0.0;71420;10;71421.0;25.0;0.0;0.0;71413.0;0.0
0;20497.0;71402;20;71401.0;19.0;0.0;0.0;71415;20;71416.0;19.0;0.0;0.0;71408.5;0.0
0;20498.0;71409;4;71404.0;2.0;71403.0;16.0;71415;2;71416.0;16.0;71418.0;24.0;71412.0;0.0
0;20499.0;71409;1;71408.0;17.0;71406.0;30.0;71420;1;71421.0;17.0;71422.0;30.0;71414.5;0.0
0;20500.0;71409;2;71407.0;13.0;71406.0;22.0;71420;2;71421.0;13.0;71422.0;22.0;71414.5;0.0
0;20501.0;71409;1;71408.0;12.0;71407.0;20.0;71420;1;71421.0;12.0;71422.0;20.0;71414.5;0.0
0;20502.0;71420;2;71419.0;19.0;71418.0;15.0;71431;2;71432.0;19.0;71434.0;15.0;71425.5;0.0
0;20503.0;71409;2;71408.0;10.0;71407.0;21.0;71420;2;71421.0;10.0;71422.0;21.0;71414.5;0.0
0;20504.0;71398;1;71397.0;12.0;71396.0;26.0;71409;1;71410.0;12.0;71411.0;26.0;71403.5;0.0
0;20505.0;71404;1;71403.0;16.0;71402.0;22.0;71415;1;71416.0;16.0;71417.0;22.0;71409.5;0.0
0;20506.0;71407;1;71406.0;19.0;71405.0;17.0;71418;1;71419.0;19.0;71420.0;17.0;71412.5;0.0
0;20507.0;71403;1;71402.0;12.0;71401.0;23.0;71414;1;71415.0;12.0;71416.0;23.0;71408.5;0.0
0;20508.0;71390;15;71389.0;30.0;0.0;0.0;71404;15;71405.0;30.0;0.0;0.0;71397.0;0.0
0;20509.0;71392;16;71391.0;21.0;0.0;0.0;71405;16;71407.0;21.0;0.0;0.0;71398.5;0.0
0;20510.0;71390;1;71389.0;20.0;71387.0;21.0;71401;1;71402.0;20.0;71403.0;21.0;71395.5;0.0
0;20511.0;71397;2;71396.0;19.0;71395.0;19.0;71408;2;71409.0;19.0;71410.0;19.0;71402.5;0.0
0;20512.0;71378;1;71377.0;18.0;71376.0;15.0;71389;1;71390.0;18.0;71391.0;15.0;71383.5;0.0
0;20513.0;71376;2;71375.0;17.0;71374.0;20.0;71387;2;71388.0;17.0;71389.0;20.0;71381.5;0.0
0;20514.0;71379;2;71378.0;19.0;71377.0;25.0;71390;2;71391.0;19.0;71392.0;25.0;71384.5;0.0
0;20515.0;71381;17;71380.0;20.0;0.0;0.0;71394;17;71395.0;20.0;0.0;0.0;71387.5;0.0
0;20516.0;71369;2;71368.0;13.0;71367.0;17.0;71380;2;71381.0;13.0;71382.0;17.0;71374.5;0.0
0;20517.0;71360;2;71359.0;18.0;71358.0;24.0;71371;2;71372.0;18.0;71373.0;24.0;71365.5;0.0
0;20518.0;71374;2;71373.0;17.0;71372.0;21.0;71385;2;71386.0;17.0;71387.0;21.0;71379.5;0.0
0;20519.0;71380;2;71379.0;15.0;71378.0;21.0;71385;5;71391.0;2.0;71392.0;15.0;71382.5;0.0
0;20520.0;71381;1;71380.0;12.0;71379.0;19.0;71392;1;71393.0;12.0;71394.0;19.0;71386.5;0.0
0;20521.0;71373;1;71372.0;20.0;71371.0;20.0;71384;1;71385.0;20.0;71386.0;20.0;71378.5;0.0
0;20522.0;71370;14;71368.0;28.0;0.0;0.0;71383;14;71384.0;28.0;0.0;0.0;71376.5;0.0
0;20523.0;71365;11;71364.0;23.0;0.0;0.0;71379;11;71380.0;23.0;0.0;0.0;71372.0;0.0
0;20524.0;71360;16;71359.0;19.0;0.0;0.0;71373;16;71375.0;19.0;0.0;0.0;71366.5;0.0
0;20525.0;71357;2;71356.0;11.0;71355.0;22.0;71368;2;71369.0;11.0;71370.0;22.0;71362.5;0.0
0;20526.0;71358;1;71357.0;20.0;71356.0;20.0;71369;1;71370.0;20.0;71371.0;20.0;71363.5;0.0
0;20527.0;71344;1;71343.0;18.0;71342.0;16.0;71355;1;71356.0;18.0;71357.0;16.0;71349.5;0.0
0;20528.0;71327;12;71326.0;20.0;0.0;0.0;71340;12;71341.0;20.0;0.0;0.0;71333.5;0.0
0;20529.0;71312;12;71311.0;17.0;0.0;0.0;71325;12;71326.0;17.0;0.0;0.0;71318.5;0.0
0;20530.0;71307;1;71306.0;14.0;71305.0;25.0;71318;1;71319.0;14.0;71320.0;25.0;71312.5;0.0
0;20531.0;71302;18;71301.0;23.0;0.0;0.0;71315;18;71316.0;23.0;0.0;0.0;71308.5;0.0
0;20532.0;71290;1;71289.0;14.0;71288.0;30.0;71301;1;71302.0;14.0;71303.0;30.0;71295.5;0.0
0;20533.0;71290;1;71289.0;16.0;71288.0;27.0;71301;1;71302.0;16.0;71304.0;27.0;71295.5;0.0
0;20534.0;71274;1;71273.0;10.0;71272.0;29.0;71285;1;71286.0;10.0;71287.0;29.0;71279.5;0.0
0;20535.0;71274;18;71272.0;30.0;0.0;0.0;71287;18;71288.0;30.0;0.0;0.0;71280.5;0.0
0;20536.0;71258;1;71257.0;13.0;71256.0;22.0;71269;1;71270.0;13.0;71271.0;22.0;71263.5;0.0
0;20537.0;71264;6;71252.0;13.0;71251.0;23.0;71265;13;71266.0;23.0;0.0;0.0;71264.5;0.0
0;20538.0;71243;2;71242.0;19.0;71241.0;20.0;71254;2;71255.0;19.0;71256.0;20.0;71248.5;0.0
0;20539.0;71245;2;71244.0;11.0;71243.0;15.0;71256;2;71257.0;11.0;71258.0;15.0;71250.5;0.0
0;20540.0;71238;17;71237.0;30.0;0.0;0.0;71244;2;71251.0;17.0;71252.0;30.0;71241.0;0.0
0;20541.0;71252;1;71251.0;14.0;71250.0;22.0;71257;7;71263.0;1.0;71264.0;14.0;71254.5;0.0
0;20542.0;71252;11;71251.0;30.0;0.0;0.0;71265;11;71266.0;30.0;0.0;0.0;71258.5;0.0
0;20543.0;71246;12;71245.0;27.0;0.0;0.0;71247;5;71258.0;1.0;71260.0;12.0;71246.5;0.0
0;20544.0;71261;6;71254.0;15.0;71253.0;30.0;71268;15;71269.0;30.0;0.0;0.0;71264.5;0.0
0;20545.0;71237;2;71236.0;15.0;71235.0;27.0;71248;2;71249.0;15.0;71250.0;27.0;71242.5;0.0
0;20546.0;71238;15;71237.0;20.0;0.0;0.0;71251;15;71252.0;20.0;0.0;0.0;71244.5;0.0
0;20547.0;71239;2;71238.0;12.0;71237.0;15.0;71250;2;71251.0;12.0;71253.0;15.0;71244.5;0.0
0;20548.0;71246;7;71240.0;17.0;71239.0;19.0;71253;17;71255.0;19.0;0.0;0.0;71249.5;0.0
0;20549.0;71234;1;71233.0;13.0;71232.0;29.0;71245;1;71246.0;13.0;71247.0;29.0;71239.5;0.0
0;20550.0;71225;1;71224.0;11.0;71223.0;23.0;71236;1;71237.0;11.0;71238.0;23.0;71230.5;0.0
0;20551.0;71212;13;71211.0;25.0;0.0;0.0;71226;13;71227.0;25.0;0.0;0.0;71219.0;0.0
0;20552.0;71207;2;71206.0;18.0;71205.0;23.0;71218;2;71219.0;18.0;71220.0;23.0;71212.5;0.0
0;20553.0;71202;12;71201.0;17.0;0.0;0.0;71215;12;71216.0;17.0;0.0;0.0;71208.5;0.0
0;20554.0;71210;1;71209.0;15.0;71208.0;21.0;71221;1;71222.0;15.0;71223.0;21.0;71215.5;0.0
0;20555.0;71213;1;71212.0;19.0;71210.0;26.0;71224;1;71225.0;19.0;71226.0;26.0;71218.5;0.0
0;20556.0;71214;15;71213.0;19.0;0.0;0.0;71227;15;71228.0;19.0;0.0;0.0;71220.5;0.0
0;20557.0;71204;1;71203.0;16.0;71202.0;23.0;71215;1;71216.0;16.0;71217.0;23.0;71209.5;0.0
0;20558.0;71211;20;71210.0;15.0;0.0;0.0;71224;20;71225.0;15.0;0.0;0.0;71217.5;0.0
0;20559.0;71210;2;71209.0;16.0;71208.0;29.0;71221;2;71222.0;16.0;71223.0;29.0;71215.5;0.0
0;20560.0;71208;13;71207.0;17.0;0.0;0.0;71221;13;71222.0;17.0;0.0;0.0;71214.5;0.0
0;20561.0;71209;2;71208.0;14.0;71207.0;19.0;71220;2;71221.0;14.0;71222.0;19.0;71214.5;0.0
0;20562.0;71214;1;71213.0;14.0;71212.0;24.0;71225;1;71227.0;14.0;71228.0;24.0;71219.5;0.0
0;20563.0;71204;2;71203.0;16.0;71202.0;23.0;71215;2;71216.0;16.0;71217.0;23.0;71209.5;0.0
0;20564.0;71193;20;71192.0;21.0;0.0;0.0;71206;20;71207.0;21.0;0.0;0.0;71199.5;0.0
0;20565.0;71201;10;71200.0;16.0;0.0;0.0;71214;18;71215.0;16.0;0.0;0.0;71207.5;0.0
0;20566.0;71205;16;71204.0;15.0;0.0;0.0;71218;16;71219.0;15.0;0.0;0.0;71211.5;0.0
0;20567.0;71201;1;71200.0;16.0;71199.0;16.0;71212;1;71213.0;16.0;71214.0;16.0;71206.5;0.0
0;20568.0;71216;15;71215.0;29.0;0.0;0.0;71229;15;71230.0;29.0;0.0;0.0;71222.5;0.0
0;20569.0;71206;14;71205.0;17.0;0.0;0.0;71219;14;71220.0;17.0;0.0;0.0;71212.5;0.0
0;20570.0;71206;14;71205.0;30.0;0.0;0.0;71212;6;71219.0;14.0;71220.0;30.0;71209.0;0.0
0;20571.0;71210;12;71209.0;17.0;0.0;0.0;71223;12;71224.0;17.0;0.0;0.0;71216.5;0.0
0;20572.0;71202;2;71201.0;18.0;71200.0;22.0;71213;2;71214.0;18.0;71215.0;22.0;71207.5;0.0
0;20573.0;71209;12;71208.0;24.0;0.0;0.0;71222;12;71224.0;24.0;0.0;0.0;71215.5;0.0
0;20574.0;71212;11;71211.0;20.0;0.0;0.0;71225;11;71226.0;20.0;0.0;0.0;71218.5;0.0
0;20575.0;71213;2;71211.0;14.0;71210.0;30.0;71224;2;71225.0;14.0;71226.0;30.0;71218.5;0.0
0;20576.0;71199;8;71198.0;18.0;0.0;0.0;71211;1;71212.0;10.0;71213.0;18.0;71205.0;0.0
0;20577.0;71201;10;71200.0;27.0;0.0;0.0;71214;16;71215.0;27.0;0.0;0.0;71207.5;0.0
0;20578.0;71194;2;71193.0;15.0;71192.0;17.0;71205;2;71206.0;15.0;71207.0;17.0;71199.5;0.0
0;20579.0;71186;2;71185.0;12.0;71184.0;23.0;71197;2;71198.0;12.0;71199.0;23.0;71191.5;0.0
0;20580.0;71192;2;71191.0;10.0;71190.0;24.0;71203;2;71204.0;10.0;71205.0;24.0;71197.5;0.0
0;20581.0;71196;14;71194.0;20.0;0.0;0.0;71209;14;71210.0;20.0;0.0;0.0;71202.5;0.0
0;20582.0;71195;13;71193.0;17.0;0.0;0.0;71207;1;71208.0;19.0;71209.0;17.0;71201.0;0.0
0;20583.0;71209;8;71204.0;2.0;71203.0;15.0;71215;2;71216.0;15.0;71217.0;26.0;71212.0;0.0
0;20584.0;71220;2;71219.0;15.0;71218.0;27.0;71231;2;71232.0;15.0;71233.0;27.0;71225.5;0.0
0;20585.0;71212;20;71211.0;25.0;0.0;0.0;71225;20;71226.0;25.0;0.0;0.0;71218.5;0.0
0;20586.0;71205;1;71204.0;17.0;71203.0;28.0;71216;1;71217.0;17.0;71218.0;28.0;71210.5;0.0
0;20587.0;71193;2;71192.0;18.0;71191.0;28.0;71204;2;71205.0;18.0;71207.0;28.0;71198.5;0.0
0;20588.0;71193;1;71192.0;16.0;71190.0;30.0;71204;1;71205.0;16.0;71206.0;30.0;71198.5;0.0
0;20589.0;71203;2;71202.0;10.0;71201.0;28.0;71214;2;71215.0;10.0;71217.0;28.0;71208.5;0.0
0;20590.0;71194;16;71193.0;27.0;0.0;0.0;71207;16;71208.0;27.0;0.0;0.0;71200.5;0.0
0;20591.0;71201;11;71200.0;24.0;0.0;0.0;71214;11;71215.0;24.0;0.0;0.0;71207.5;0.0
0;20592.0;71209;10;71208.0;23.0;0.0;0.0;71222;10;71223.0;23.0;0.0;0.0;71215.5;0.0
0;20593.0;71207;2;71206.0;17.0;71205.0;20.0;71218;2;71219.0;17.0;71220.0;20.0;71212.5;0.0
0;20594.0;71208;2;71207.0;20.0;71206.0;29.0;71219;2;71220.0;20.0;71221.0;29.0;71213.5;0.0
0;20595.0;71208;11;71207.0;24.0;0.0;0.0;71221;11;71222.0;24.0;0.0;0.0;71214.5;0.0
0;20596.0;71218;2;71216.0;17.0;71215.0;18.0;71229;2;71230.0;17.0;71231.0;18.0;71223.5;0.0
0;20597.0;71224;11;71223.0;28.0;0.0;0.0;71237;11;71238.0;28.0;0.0;0.0;71230.5;0.0
0;20598.0;71236;2;71235.0;15.0;71234.0;27.0;71247;2;71248.0;15.0;71249.0;27.0;71241.5;0.0
0;20599.0;71239;20;71237.0;18.0;0.0;0.0;71252;20;71253.0;18.0;0.0;0.0;71245.5;0.0
0;20600.0;71236;2;71235.0;11.0;71234.0;24.0;71247;2;71248.0;11.0;71249.0;24.0;71241.5;0.0
0;20601.0;71234;2;71232.0;19.0;71231.0;26.0;71245;2;71246.0;19.0;71247.0;26.0;71239.5;0.0
0;20602.0;71229;19;71228.0;26.0;0.0;0.0;71242;19;71243.0;26.0;0.0;0.0;71235.5;0.0
0;20603.0;71243;1;71242.0;20.0;71241.0;21.0;71254;1;71255.0;20.0;71256.0;21.0;71248.5;0.0
0;20604.0;71250;2;71249.0;19.0;71248.0;16.0;71261;2;71262.0;19.0;71263.0;16.0;71255.5;0.0
0;20605.0;71243;1;71242.0;15.0;71241.0;19.0;71254;1;71255.0;15.0;71257.0;19.0;71248.5;0.0
0;20606.0;71238;2;71237.0;13.0;71235.0;16.0;71249;2;71250.0;13.0;71251.0;16.0;71243.5;0.0
0;20607.0;71234;18;71233.0;20.0;0.0;0.0;71247;18;71248.0;20.0;0.0;0.0;71240.5;0.0
0;20608.0;71232;2;71231.0;11.0;71230.0;20.0;71243;2;71244.0;11.0;71245.0;20.0;71237.5;0.0
0;20609.0;71221;1;71220.0;16.0;71219.0;29.0;71232;1;71233.0;16.0;71235.0;29.0;71226.5;0.0
0;20610.0;71226;2;71225.0;16.0;71224.0;25.0;71237;2;71238.0;16.0;71239.0;25.0;71231.5;0.0
0;20611.0;71234;1;71233.0;13.0;71232.0;18.0;71245;1;71246.0;13.0;71247.0;18.0;71239.5;0.0
0;20612.0;71232;2;71231.0;11.0;71229.0;24.0;71243;2;71244.0;11.0;71245.0;24.0;71237.5;0.0
0;20613.0;71228;18;71227.0;22.0;0.0;0.0;71241;18;71242.0;22.0;0.0;0.0;71234.5;0.0
0;20614.0;71225;1;71224.0;17.0;71223.0;26.0;71236;1;71237.0;17.0;71238.0;26.0;71230.5;0.0
0;20615.0;71229;2;71228.0;10.0;71227.0;16.0;71240;2;71241.0;10.0;71242.0;16.0;71234.5;0.0
0;20616.0;71238;15;71237.0;23.0;0.0;0.0;71252;15;71253.0;23.0;0.0;0.0;71245.0;0.0
0;20617.0;71221;1;71220.0;10.0;71219.0;21.0;71232;1;71233.0;10.0;71234.0;21.0;71226.5;0.0
0;20618.0;71239;1;71238.0;12.0;71237.0;22.0;71250;1;71251.0;12.0;71252.0;22.0;71244.5;0.0
0;20619.0;71258;2;71246.0;18.0;71245.0;20.0;71259;18;71260.0;20.0;0.0;0.0;71258.5;0.0
0;20620.0;71247;2;71246.0;13.0;71245.0;15.0;71258;2;71259.0;13.0;71260.0;15.0;71252.5;0.0
0;20621.0;71256;1;71255.0;19.0;71254.0;30.0;71267;1;71268.0;19.0;71269.0;30.0;71261.5;0.0
0;20622.0;71270;1;71269.0;20.0;71268.0;16.0;71281;1;71282.0;20.0;71284.0;16.0;71275.5;0.0
0;20623.0;71269;19;71267.0;27.0;0.0;0.0;71282;19;71283.0;27.0;0.0;0.0;71275.5;0.0
0;20624.0;71273;3;71268.0;1.0;71267.0;15.0;71279;1;71280.0;15.0;71281.0;15.0;71276.0;0.0
0;20625.0;71271;18;71270.0;26.0;0.0;0.0;71284;18;71285.0;26.0;0.0;0.0;71277.5;0.0
0;20626.0;71270;2;71269.0;20.0;71268.0;17.0;71281;2;71282.0;20.0;71283.0;17.0;71275.5;0.0
0;20627.0;71267;2;71266.0;10.0;71265.0;16.0;71278;2;71279.0;10.0;71280.0;16.0;71272.5;0.0
0;20628.0;71266;14;71264.0;30.0;0.0;0.0;71279;14;71280.0;30.0;0.0;0.0;71272.5;0.0
0;20629.0;71287;1;71286.0;13.0;71285.0;22.0;71298;1;71299.0;13.0;71300.0;22.0;71292.5;0.0
0;20630.0;71281;1;71280.0;13.0;71279.0;27.0;71292;1;71293.0;13.0;71294.0;27.0;71286.5;0.0
0;20631.0;71275;2;71274.0;18.0;71272.0;30.0;71286;2;71287.0;18.0;71288.0;30.0;71280.5;0.0
0;20632.0;71276;19;71275.0;15.0;0.0;0.0;71289;19;71291.0;15.0;0.0;0.0;71282.5;0.0
0;20633.0;71291;4;71285.0;15.0;71284.0;26.0;71298;15;71299.0;26.0;0.0;0.0;71294.5;0.0
0;20634.0;71288;2;71287.0;18.0;71286.0;29.0;71299;2;71300.0;18.0;71301.0;29.0;71293.5;0.0
0;20635.0;71286;1;71285.0;10.0;71284.0;19.0;71297;1;71298.0;10.0;71299.0;19.0;71291.5;0.0
0;20636.0;71289;2;71288.0;12.0;71287.0;18.0;71300;2;71301.0;12.0;71302.0;18.0;71294.5;0.0
0;20637.0;71298;1;71297.0;16.0;71296.0;30.0;71309;1;71310.0;16.0;71311.0;30.0;71303.5;0.0
0;20638.0;71305;7;71300.0;2.0;71298.0;16.0;71311;2;71312.0;16.0;71313.0;25.0;71308.0;0.0
0;20639.0;71297;14;71296.0;22.0;0.0;0.0;71298;4;71309.0;2.0;71311.0;14.0;71297.5;0.0
0;20640.0;71286;13;71285.0;28.0;0.0;0.0;71299;13;71300.0;28.0;0.0;0.0;71292.5;0.0
0;20641.0;71286;1;71285.0;17.0;71284.0;25.0;71297;1;71298.0;17.0;71299.0;25.0;71291.5;0.0
0;20642.0;71282;11;71281.0;19.0;0.0;0.0;71295;11;71296.0;19.0;0.0;0.0;71288.5;0.0
0;20643.0;71287;1;71286.0;11.0;71285.0;26.0;71298;1;71299.0;11.0;71300.0;26.0;71292.5;0.0
0;20644.0;71276;19;71275.0;26.0;0.0;0.0;71289;19;71290.0;26.0;0.0;0.0;71282.5;0.0
0;20645.0;71262;1;71261.0;16.0;71260.0;27.0;71273;1;71274.0;16.0;71276.0;27.0;71267.5;0.0
0;20646.0;71263;1;71262.0;11.0;71261.0;27.0;71274;1;71275.0;11.0;71276.0;27.0;71268.5;0.0
0;20647.0;71252;1;71251.0;19.0;71250.0;20.0;71257;8;71263.0;1.0;71264.0;19.0;71254.5;0.0
0;20648.0;71259;2;71258.0;11.0;71257.0;19.0;71270;2;71271.0;11.0;71272.0;19.0;71264.5;0.0
0;20649.0;71271;2;71270.0;10.0;71269.0;28.0;71282;2;71283.0;10.0;71284.0;28.0;71276.5;0.0
0;20650.0;71270;15;71269.0;29.0;0.0;0.0;71283;15;71284.0;29.0;0.0;0.0;71276.5;0.0
0;20651.0;71264;16;71263.0;26.0;0.0;0.0;71278;16;71279.0;26.0;0.0;0.0;71271.0;0.0
0;20652.0;71265;2;71264.0;19.0;71263.0;29.0;71276;2;71277.0;19.0;71278.0;29.0;71270.5;0.0
0;20653.0;71258;12;71257.0;20.0;0.0;0.0;71264;3;71272.0;12.0;71273.0;20.0;71261.0;0.0
0;20654.0;71255;2;71254.0;19.0;71253.0;23.0;71266;2;71267.0;19.0;71268.0;23.0;71260.5;0.0
0;20655.0;71255;1;71254.0;17.0;71253.0;29.0;71266;1;71267.0;17.0;71268.0;29.0;71260.5;0.0
0;20656.0;71251;2;71249.0;18.0;71248.0;17.0;71262;2;71263.0;18.0;71264.0;17.0;71256.5;0.0
0;20657.0;71246;18;71245.0;29.0;0.0;0.0;71259;18;71260.0;29.0;0.0;0.0;71252.5;0.0
0;20658.0;71264;12;71263.0;27.0;0.0;0.0;71277;12;71278.0;27.0;0.0;0.0;71270.5;0.0
0;20659.0;71261;10;71260.0;25.0;0.0;0.0;71274;10;71275.0;25.0;0.0;0.0;71267.5;0.0
0;20660.0;71260;1;71258.0;11.0;71257.0;17.0;71271;1;71272.0;11.0;71273.0;17.0;71265.5;0.0
0;20661.0;71268;2;71263.0;1.0;71262.0;19.0;71274;1;71275.0;19.0;71276.0;22.0;71271.0;0.0
0;20662.0;71257;12;71256.0;22.0;0.0;0.0;71270;12;71271.0;22.0;0.0;0.0;71263.5;0.0
0;20663.0;71260;8;71254.0;20.0;71253.0;27.0;71267;20;71268.0;27.0;0.0;0.0;71263.5;0.0
0;20664.0;71255;18;71254.0;25.0;0.0;0.0;71268;18;71269.0;25.0;0.0;0.0;71261.5;0.0
0;20665.0;71274;1;71273.0;16.0;71271.0;26.0;71285;1;71286.0;16.0;71287.0;26.0;71279.5;0.0
0;20666.0;71292;8;71291.0;17.0;0.0;0.0;71304;2;71305.0;14.0;71306.0;17.0;71298.0;0.0
0;20667.0;71286;16;71285.0;19.0;0.0;0.0;71299;16;71301.0;19.0;0.0;0.0;71292.5;0.0
0;20668.0;71282;10;71281.0;21.0;0.0;0.0;71295;10;71296.0;21.0;0.0;0.0;71288.5;0.0
0;20669.0;71284;2;71283.0;10.0;71282.0;18.0;71295;2;71296.0;10.0;71297.0;18.0;71289.5;0.0
0;20670.0;71283;1;71282.0;19.0;71281.0;23.0;71294;1;71295.0;19.0;71296.0;23.0;71288.5;0.0
0;20671.0;71286;2;71285.0;10.0;71284.0;26.0;71297;2;71298.0;10.0;71299.0;26.0;71291.5;0.0
0;20672.0;71280;12;71279.0;18.0;0.0;0.0;71281;4;71292.0;1.0;71294.0;12.0;71280.5;0.0
0;20673.0;71277;2;71276.0;11.0;71275.0;22.0;71288;2;71289.0;11.0;71290.0;22.0;71282.5;0.0
0;20674.0;71276;1;71275.0;17.0;71274.0;23.0;71287;1;71288.0;17.0;71289.0;23.0;71281.5;0.0
0;20675.0;71269;1;71268.0;13.0;71267.0;22.0;71280;1;71281.0;13.0;71282.0;22.0;71274.5;0.0
0;20676.0;71269;1;71268.0;20.0;71266.0;24.0;71274;1;71280.0;1.0;71281.0;20.0;71271.5;0.0
0;20677.0;71264;1;71263.0;11.0;71262.0;26.0;71275;1;71276.0;11.0;71277.0;26.0;71269.5;0.0
0;20678.0;71265;13;71264.0;26.0;0.0;0.0;71278;13;71279.0;26.0;0.0;0.0;71271.5;0.0
0;20679.0;71265;2;71263.0;12.0;71262.0;28.0;71275;2;71277.0;12.0;71278.0;28.0;71270.0;0.0
0;20680.0;71261;2;71260.0;19.0;71259.0;23.0;71272;2;71273.0;19.0;71274.0;23.0;71266.5;0.0
0;20681.0;71253;15;71252.0;23.0;0.0;0.0;71266;15;71267.0;23.0;0.0;0.0;71259.5;0.0
0;20682.0;71254;14;71253.0;24.0;0.0;0.0;71267;14;71268.0;24.0;0.0;0.0;71260.5;0.0
0;20683.0;71254;19;71253.0;22.0;0.0;0.0;71255;4;71266.0;2.0;71268.0;19.0;71254.5;0.0
0;20684.0;71264;1;71262.0;20.0;71261.0;15.0;71275;1;71276.0;20.0;71277.0;15.0;71269.5;0.0
0;20685.0;71272;10;71271.0;23.0;0.0;0.0;71285;10;71286.0;23.0;0.0;0.0;71278.5;0.0
0;20686.0;71262;1;71261.0;11.0;71260.0;22.0;71273;1;71274.0;11.0;71275.0;22.0;71267.5;0.0
0;20687.0;71266;1;71265.0;19.0;71264.0;22.0;71277;1;71278.0;19.0;71279.0;22.0;71271.5;0.0
0;20688.0;71274;2;71273.0;14.0;71271.0;21.0;71285;2;71286.0;14.0;71287.0;21.0;71279.5;0.0
0;20689.0;71273;14;71272.0;22.0;0.0;0.0;71286;14;71287.0;22.0;0.0;0.0;71279.5;0.0
0;20690.0;71266;15;71265.0;19.0;0.0;0.0;71279;15;71281.0;19.0;0.0;0.0;71272.5;0.0
0;20691.0;71265;1;71264.0;20.0;71263.0;26.0;71276;1;71277.0;20.0;71278.0;26.0;71270.5;0.0
0;20692.0;71277;12;71276.0;19.0;0.0;0.0;71290;12;71291.0;19.0;0.0;0.0;71283.5;0.0
0;20693.0;71285;1;71284.0;11.0;71283.0;22.0;71296;1;71297.0;11.0;71298.0;22.0;71290.5;0.0
0;20694.0;71287;2;71286.0;11.0;71285.0;21.0;71298;2;71299.0;11.0;71300.0;21.0;71292.5;0.0
0;20695.0;71282;1;71281.0;19.0;71280.0;16.0;71293;1;71294.0;19.0;71295.0;16.0;71287.5;0.0
0;20696.0;71278;14;71277.0;16.0;0.0;0.0;71291;14;71292.0;16.0;0.0;0.0;71284.5;0.0
0;20697.0;71294;6;71293.0;18.0;0.0;0.0;71306;1;71307.0;10.0;71308.0;18.0;71300.0;0.0
0;20698.0;71288;2;71287.0;20.0;71286.0;29.0;71299;2;71300.0;20.0;71301.0;29.0;71293.5;0.0
0;20699.0;71286;2;71285.0;15.0;71284.0;29.0;71297;2;71299.0;15.0;71300.0;29.0;71291.5;0.0
0;20700.0;71295;18;71294.0;17.0;0.0;0.0;71308;18;71309.0;17.0;0.0;0.0;71301.5;0.0
0;20701.0;71296;1;71295.0;18.0;71294.0;22.0;71307;1;71308.0;18.0;71309.0;22.0;71301.5;0.0
0;20702.0;71303;18;71302.0;18.0;0.0;0.0;71316;18;71317.0;18.0;0.0;0.0;71309.5;0.0
0;20703.0;71307;1;71305.0;12.0;71304.0;25.0;71317;1;71319.0;12.0;71320.0;25.0;71312.0;0.0
0;20704.0;71301;20;71300.0;30.0;0.0;0.0;71314;20;71315.0;30.0;0.0;0.0;71307.5;0.0
0;20705.0;71300;2;71299.0;17.0;71298.0;29.0;71311;2;71312.0;17.0;71313.0;29.0;71305.5;0.0
0;20706.0;71304;14;71303.0;29.0;0.0;0.0;71317;14;71319.0;29.0;0.0;0.0;71310.5;0.0
0;20707.0;71306;2;71305.0;11.0;71304.0;30.0;71311;1;71317.0;2.0;71318.0;11.0;71308.5;0.0
0;20708.0;71313;10;71312.0;24.0;0.0;0.0;71326;10;71327.0;24.0;0.0;0.0;71319.5;0.0
0;20709.0;71324;2;71323.0;15.0;71322.0;27.0;71335;2;71336.0;15.0;71337.0;27.0;71329.5;0.0
0;20710.0;71326;13;71324.0;18.0;0.0;0.0;71339;13;71340.0;18.0;0.0;0.0;71332.5;0.0
0;20711.0;71323;2;71322.0;20.0;71321.0;17.0;71328;4;71334.0;2.0;71335.0;20.0;71325.5;0.0
0;20712.0;71311;2;71310.0;12.0;71309.0;26.0;71322;2;71323.0;12.0;71324.0;26.0;71316.5;0.0
0;20713.0;71304;2;71303.0;10.0;71302.0;29.0;71315;2;71316.0;10.0;71317.0;29.0;71309.5;0.0
0;20714.0;71301;12;71300.0;15.0;0.0;0.0;71314;12;71315.0;15.0;0.0;0.0;71307.5;0.0
0;20715.0;71303;18;71302.0;16.0;0.0;0.0;71316;18;71317.0;16.0;0.0;0.0;71309.5;0.0
0;20716.0;71304;3;71299.0;1.0;71298.0;18.0;71310;1;71311.0;18.0;71313.0;30.0;71307.0;0.0
0;20717.0;71286;11;71285.0;15.0;0.0;0.0;71299;11;71300.0;15.0;0.0;0.0;71292.5;0.0
0;20718.0;71278;17;71277.0;24.0;0.0;0.0;71291;17;71292.0;24.0;0.0;0.0;71284.5;0.0
0;20719.0;71279;2;71278.0;12.0;71277.0;30.0;71290;2;71291.0;12.0;71292.0;30.0;71284.5;0.0
0;20720.0;71278;2;71277.0;20.0;71276.0;19.0;71289;2;71290.0;20.0;71291.0;19.0;71283.5;0.0
0;20721.0;71275;13;71274.0;29.0;0.0;0.0;71288;13;71289.0;29.0;0.0;0.0;71281.5;0.0
0;20722.0;71266;2;71265.0;11.0;71264.0;18.0;71277;2;71278.0;11.0;71279.0;18.0;71271.5;0.0
0;20723.0;71266;1;71265.0;16.0;71264.0;27.0;71277;1;71278.0;16.0;71280.0;27.0;71271.5;0.0
0;20724.0;71252;1;71251.0;19.0;71250.0;28.0;71263;1;71264.0;19.0;71265.0;28.0;71257.5;0.0
0;20725.0;71252;19;71251.0;28.0;0.0;0.0;71265;19;71266.0;28.0;0.0;0.0;71258.5;0.0
0;20726.0;71254;2;71253.0;15.0;71251.0;30.0;71265;2;71266.0;15.0;71267.0;30.0;71259.5;0.0
0;20727.0;71252;2;71251.0;18.0;71250.0;23.0;71257;1;71263.0;2.0;71264.0;18.0;71254.5;0.0
0;20728.0;71252;12;71251.0;26.0;0.0;0.0;71265;12;71266.0;26.0;0.0;0.0;71258.5;0.0
0;20729.0;71240;12;71238.0;25.0;0.0;0.0;71253;14;71254.0;25.0;0.0;0.0;71246.5;0.0
0;20730.0;71237;1;71236.0;16.0;71235.0;26.0;71248;1;71249.0;16.0;71250.0;26.0;71242.5;0.0
0;20731.0;71227;2;71226.0;20.0;71225.0;25.0;71238;2;71239.0;20.0;71241.0;25.0;71232.5;0.0
0;20732.0;71226;2;71225.0;14.0;71224.0;29.0;71237;2;71238.0;14.0;71239.0;29.0;71231.5;0.0
0;20733.0;71215;1;71214.0;20.0;71213.0;18.0;71226;1;71227.0;20.0;71228.0;18.0;71220.5;0.0
0;20734.0;71209;2;71208.0;13.0;71207.0;19.0;71220;2;71221.0;13.0;71222.0;19.0;71214.5;0.0
0;20735.0;71213;1;71212.0;19.0;71211.0;28.0;71224;1;71225.0;19.0;71227.0;28.0;71218.5;0.0
0;20736.0;71217;1;71211.0;15.0;71210.0;24.0;71224;15;71225.0;24.0;0.0;0.0;71220.5;0.0
0;20737.0;71208;10;71207.0;22.0;0.0;0.0;71221;10;71222.0;22.0;0.0;0.0;71214.5;0.0
0;20738.0;71199;19;71198.0;30.0;0.0;0.0;71205;6;71212.0;19.0;71213.0;30.0;71202.0;0.0
0;20739.0;71196;20;71195.0;26.0;0.0;0.0;71209;20;71210.0;26.0;0.0;0.0;71202.5;0.0
0;20740.0;71192;2;71191.0;18.0;71190.0;19.0;71203;2;71204.0;18.0;71206.0;19.0;71197.5;0.0
0;20741.0;71195;15;71194.0;23.0;0.0;0.0;71208;15;71209.0;23.0;0.0;0.0;71201.5;0.0
0;20742.0;71208;2;71207.0;14.0;71206.0;24.0;71219;2;71220.0;14.0;71221.0;24.0;71213.5;0.0
0;20743.0;71200;10;71199.0;28.0;0.0;0.0;71213;10;71215.0;28.0;0.0;0.0;71206.5;0.0
0;20744.0;71209;13;71208.0;21.0;0.0;0.0;71223;13;71224.0;21.0;0.0;0.0;71216.0;0.0
0;20745.0;71215;10;71214.0;23.0;0.0;0.0;71221;7;71228.0;10.0;71229.0;23.0;71218.0;0.0
0;20746.0;71226;17;71225.0;27.0;0.0;0.0;71239;17;71240.0;27.0;0.0;0.0;71232.5;0.0
0;20747.0;71247;2;71246.0;11.0;71245.0;16.0;71258;2;71259.0;11.0;71260.0;16.0;71252.5;0.0
0;20748.0;71254;2;71253.0;16.0;71252.0;18.0;71265;2;71266.0;16.0;71267.0;18.0;71259.5;0.0
0;20749.0;71271;4;71260.0;2.0;71259.0;15.0;71272;15;71273.0;19.0;0.0;0.0;71271.5;0.0
0;20750.0;71250;1;71249.0;17.0;71248.0;18.0;71261;1;71262.0;17.0;71263.0;18.0;71255.5;0.0
0;20751.0;71259;2;71258.0;12.0;71257.0;29.0;71270;2;71271.0;12.0;71272.0;29.0;71264.5;0.0
0;20752.0;71241;2;71240.0;10.0;71239.0;18.0;71252;2;71253.0;10.0;71254.0;18.0;71246.5;0.0
0;20753.0;71257;1;71252.0;1.0;71250.0;20.0;71263;1;71264.0;20.0;71265.0;25.0;71260.0;0.0
0;20754.0;71256;17;71255.0;15.0;0.0;0.0;71269;17;71270.0;15.0;0.0;0.0;71262.5;0.0
0;20755.0;71252;2;71251.0;19.0;71250.0;19.0;71263;2;71264.0;19.0;71265.0;19.0;71257.5;0.0
0;20756.0;71247;1;71246.0;15.0;71245.0;19.0;71258;1;71259.0;15.0;71260.0;19.0;71252.5;0.0
0;20757.0;71249;19;71248.0;16.0;0.0;0.0;71262;19;71263.0;16.0;0.0;0.0;71255.5;0.0
0;20758.0;71243;10;71242.0;27.0;0.0;0.0;71256;10;71257.0;27.0;0.0;0.0;71249.5;0.0
0;20759.0;71255;2;71254.0;18.0;71253.0;23.0;71266;2;71267.0;18.0;71268.0;23.0;71260.5;0.0
0;20760.0;71255;1;71254.0;11.0;71252.0;16.0;71266;1;71267.0;11.0;71268.0;16.0;71260.5;0.0
0;20761.0;71260;20;71259.0;24.0;0.0;0.0;71273;20;71274.0;24.0;0.0;0.0;71266.5;0.0
0;20762.0;71252;1;71251.0;18.0;71250.0;15.0;71263;1;71264.0;18.0;71265.0;15.0;71257.5;0.0
0;20763.0;71259;17;71258.0;15.0;0.0;0.0;71272;17;71273.0;15.0;0.0;0.0;71265.5;0.0
0;20764.0;71250;1;71249.0;19.0;71248.0;19.0;71261;1;71262.0;19.0;71263.0;19.0;71255.5;0.0
0;20765.0;71233;2;71232.0;17.0;71231.0;16.0;71244;2;71245.0;17.0;71246.0;16.0;71238.5;0.0
0;20766.0;71234;1;71233.0;11.0;71232.0;17.0;71245;1;71246.0;11.0;71247.0;17.0;71239.5;0.0
0;20767.0;71244;16;71243.0;25.0;0.0;0.0;71257;16;71258.0;25.0;0.0;0.0;71250.5;0.0
0;20768.0;71243;1;71241.0;14.0;71240.0;23.0;71253;1;71255.0;14.0;71256.0;23.0;71248.0;0.0
0;20769.0;71236;2;71235.0;14.0;71234.0;23.0;71241;7;71247.0;2.0;71248.0;14.0;71238.5;0.0
0;20770.0;71244;2;71243.0;13.0;71242.0;17.0;71255;2;71256.0;13.0;71257.0;17.0;71249.5;0.0
0;20771.0;71232;2;71231.0;10.0;71230.0;17.0;71243;2;71245.0;10.0;71246.0;17.0;71237.5;0.0
0;20772.0;71226;1;71225.0;18.0;71224.0;17.0;71237;1;71238.0;18.0;71239.0;17.0;71231.5;0.0
0;20773.0;71223;1;71222.0;20.0;71221.0;22.0;71234;1;71235.0;20.0;71236.0;22.0;71228.5;0.0
0;20774.0;71227;1;71226.0;13.0;71225.0;22.0;71238;1;71239.0;13.0;71240.0;22.0;71232.5;0.0
0;20775.0;71220;1;71219.0;19.0;71218.0;19.0;71231;1;71232.0;19.0;71233.0;19.0;71225.5;0.0
0;20776.0;71212;8;71211.0;16.0;0.0;0.0;71224;2;71225.0;12.0;71226.0;16.0;71218.0;0.0
0;20777.0;71208;1;71207.0;10.0;71206.0;29.0;71219;1;71220.0;10.0;71221.0;29.0;71213.5;0.0
0;20778.0;71210;14;71209.0;19.0;0.0;0.0;71223;14;71224.0;19.0;0.0;0.0;71216.5;0.0
0;20779.0;71218;6;71212.0;15.0;71211.0;30.0;71225;15;71227.0;30.0;0.0;0.0;71221.5;0.0
0;20780.0;71211;2;71210.0;10.0;71209.0;19.0;71222;2;71223.0;10.0;71224.0;19.0;71216.5;0.0
0;20781.0;71212;1;71211.0;18.0;71210.0;27.0;71223;1;71224.0;18.0;71225.0;27.0;71217.5;0.0
0;20782.0;71211;1;71210.0;10.0;71209.0;30.0;71222;1;71223.0;10.0;71224.0;30.0;71216.5;0.0
0;20783.0;71208;1;71207.0;18.0;71206.0;27.0;71219;1;71220.0;18.0;71221.0;27.0;71213.5;0.0
0;20784.0;71223;13;71222.0;27.0;0.0;0.0;71236;13;71238.0;27.0;0.0;0.0;71229.5;0.0
0;20785.0;71220;2;71219.0;14.0;71218.0;18.0;71231;2;71232.0;14.0;71233.0;18.0;71225.5;0.0
0;20786.0;71216;12;71215.0;18.0;0.0;0.0;71229;12;71230.0;18.0;0.0;0.0;71222.5;0.0
0;20787.0;71200;2;71199.0;19.0;71198.0;28.0;71211;2;71212.0;19.0;71213.0;28.0;71205.5;0.0
0;20788.0;71199;11;71198.0;18.0;0.0;0.0;71212;11;71213.0;18.0;0.0;0.0;71205.5;0.0
0;20789.0;71191;2;71190.0;11.0;71189.0;27.0;71202;2;71203.0;11.0;71205.0;27.0;71196.5;0.0
0;20790.0;71185;1;71184.0;12.0;71183.0;20.0;71196;1;71197.0;12.0;71198.0;20.0;71190.5;0.0
0;20791.0;71178;1;71177.0;19.0;71176.0;24.0;71189;1;71190.0;19.0;71191.0;24.0;71183.5;0.0
0;20792.0;71188;11;71187.0;26.0;0.0;0.0;71201;11;71202.0;26.0;0.0;0.0;71194.5;0.0
0;20793.0;71200;1;71199.0;19.0;71198.0;22.0;71211;1;71212.0;19.0;71213.0;22.0;71205.5;0.0
0;20794.0;71195;1;71194.0;12.0;71193.0;20.0;71206;1;71207.0;12.0;71208.0;20.0;71200.5;0.0
0;20795.0;71194;1;71193.0;18.0;71192.0;23.0;71205;1;71206.0;18.0;71207.0;23.0;71199.5;0.0
0;20796.0;71183;2;71182.0;13.0;71181.0;25.0;71194;2;71195.0;13.0;71196.0;25.0;71188.5;0.0
0;20797.0;71172;16;71171.0;22.0;0.0;0.0;71178;6;71185.0;16.0;71186.0;22.0;71175.0;0.0
0;20798.0;71178;4;71167.0;2.0;71166.0;20.0;71179;20;71180.0;21.0;0.0;0.0;71178.5;0.0
0;20799.0;71174;2;71173.0;16.0;71172.0;26.0;71185;2;71186.0;16.0;71187.0;26.0;71179.5;0.0
0;20800.0;71185;2;71184.0;12.0;71183.0;20.0;71196;2;71197.0;12.0;71198.0;20.0;71190.5;0.0
0;20801.0;71193;8;71183.0;1.0;71182.0;20.0;71194;1;71195.0;20.0;71196.0;27.0;71193.5;0.0
0;20802.0;71182;11;71180.0;15.0;0.0;0.0;71195;11;71196.0;15.0;0.0;0.0;71188.5;0.0
0;20803.0;71182;2;71181.0;17.0;71180.0;29.0;71193;2;71194.0;17.0;71195.0;29.0;71187.5;0.0
0;20804.0;71186;17;71185.0;26.0;0.0;0.0;71199;17;71200.0;26.0;0.0;0.0;71192.5;0.0
0;20805.0;71198;1;71197.0;11.0;71196.0;15.0;71209;1;71211.0;11.0;71212.0;15.0;71203.5;0.0
0;20806.0;71191;2;71190.0;12.0;71189.0;19.0;71202;2;71204.0;12.0;71205.0;19.0;71196.5;0.0
0;20807.0;71184;20;71183.0;16.0;0.0;0.0;71197;20;71198.0;16.0;0.0;0.0;71190.5;0.0
0;20808.0;71188;1;71187.0;14.0;71186.0;19.0;71199;1;71200.0;14.0;71201.0;19.0;71193.5;0.0
0;20809.0;71180;1;71179.0;11.0;71178.0;22.0;71191;1;71192.0;11.0;71193.0;22.0;71185.5;0.0
0;20810.0;71182;2;71181.0;13.0;71180.0;15.0;71193;2;71194.0;13.0;71195.0;15.0;71187.5;0.0
0;20811.0;71177;15;71175.0;18.0;0.0;0.0;71190;15;71191.0;18.0;0.0;0.0;71183.5;0.0
0;20812.0;71175;2;71174.0;14.0;71173.0;25.0;71186;2;71187.0;14.0;71188.0;25.0;71180.5;0.0
0;20813.0;71175;2;71174.0;11.0;71173.0;16.0;71186;2;71187.0;11.0;71188.0;16.0;71180.5;0.0
0;20814.0;71163;13;71162.0;19.0;0.0;0.0;71176;13;71177.0;19.0;0.0;0.0;71169.5;0.0
0;20815.0;71157;1;71156.0;19.0;71154.0;16.0;71168;1;71169.0;19.0;71170.0;16.0;71162.5;0.0
0;20816.0;71152;2;71151.0;14.0;71150.0;22.0;71163;2;71165.0;14.0;71166.0;22.0;71157.5;0.0
0;20817.0;71156;1;71155.0;15.0;71154.0;18.0;71167;1;71168.0;15.0;71169.0;18.0;71161.5;0.0
0;20818.0;71157;18;71156.0;20.0;0.0;0.0;71170;18;71171.0;20.0;0.0;0.0;71163.5;0.0
0;20819.0;71153;2;71152.0;17.0;71151.0;29.0;71164;2;71165.0;17.0;71166.0;29.0;71158.5;0.0
0;20820.0;71158;1;71157.0;20.0;71156.0;15.0;71169;1;71170.0;20.0;71171.0;15.0;71163.5;0.0
0;20821.0;71160;1;71159.0;18.0;71158.0;20.0;71171;1;71172.0;18.0;71173.0;20.0;71165.5;0.0
0;20822.0;71161;2;71160.0;12.0;71159.0;16.0;71172;2;71173.0;12.0;71174.0;16.0;71166.5;0.0
0;20823.0;71158;15;71157.0;18.0;0.0;0.0;71171;15;71172.0;18.0;0.0;0.0;71164.5;0.0
0;20824.0;71161;19;71160.0;16.0;0.0;0.0;71174;19;71175.0;16.0;0.0;0.0;71167.5;0.0
0;20825.0;71154;17;71153.0;28.0;0.0;0.0;71167;17;71168.0;28.0;0.0;0.0;71160.5;0.0
0;20826.0;71154;8;71148.0;15.0;71147.0;17.0;71161;15;71162.0;17.0;0.0;0.0;71157.5;0.0
0;20827.0;71157;1;71156.0;12.0;71155.0;25.0;71168;1;71169.0;12.0;71170.0;25.0;71162.5;0.0
0;20828.0;71152;1;71151.0;20.0;71150.0;24.0;71163;1;71164.0;20.0;71165.0;24.0;71157.5;0.0
0;20829.0;71151;2;71150.0;13.0;71149.0;28.0;71156;7;71162.0;2.0;71164.0;13.0;71153.5;0.0
0;20830.0;71159;1;71158.0;17.0;71157.0;22.0;71170;1;71171.0;17.0;71172.0;22.0;71164.5;0.0
0;20831.0;71157;13;71156.0;21.0;0.0;0.0;71163;8;71170.0;13.0;71171.0;21.0;71160.0;0.0
0;20832.0;71156;20;71155.0;23.0;0.0;0.0;71169;20;71170.0;23.0;0.0;0.0;71162.5;0.0
0;20833.0;71164;12;71163.0;24.0;0.0;0.0;71177;12;71178.0;24.0;0.0;0.0;71170.5;0.0
0;20834.0;71171;16;71170.0;15.0;0.0;0.0;71177;6;71184.0;16.0;71185.0;15.0;71174.0;0.0
0;20835.0;71181;7;71171.0;1.0;71170.0;14.0;71182;1;71183.0;14.0;71184.0;21.0;71181.5;0.0
0;20836.0;71164;2;71163.0;16.0;71162.0;21.0;71175;2;71176.0;16.0;71178.0;21.0;71169.5;0.0
0;20837.0;71177;3;71171.0;11.0;71169.0;27.0;71184;11;71185.0;27.0;0.0;0.0;71180.5;0.0
0;20838.0;71166;14;71165.0;23.0;0.0;0.0;71179;14;71180.0;23.0;0.0;0.0;71172.5;0.0
0;20839.0;71161;12;71160.0;25.0;0.0;0.0;71174;12;71175.0;25.0;0.0;0.0;71167.5;0.0
0;20840.0;71154;12;71153.0;22.0;0.0;0.0;71167;12;71169.0;22.0;0.0;0.0;71160.5;0.0
0;20841.0;71152;1;71151.0;11.0;71150.0;27.0;71163;1;71164.0;11.0;71165.0;27.0;71157.5;0.0
0;20842.0;71141;1;71140.0;17.0;71139.0;24.0;71152;1;71153.0;17.0;71154.0;24.0;71146.5;0.0
0;20843.0;71150;1;71149.0;14.0;71148.0;21.0;71161;1;71163.0;14.0;71164.0;21.0;71155.5;0.0
0;20844.0;71147;2;71146.0;18.0;71145.0;27.0;71158;2;71159.0;18.0;71160.0;27.0;71152.5;0.0
0;20845.0;71149;1;71148.0;15.0;71147.0;26.0;71160;1;71161.0;15.0;71162.0;26.0;71154.5;0.0
0;20846.0;71137;1;71136.0;15.0;71135.0;26.0;71148;1;71149.0;15.0;71150.0;26.0;71142.5;0.0
0;20847.0;71152;16;71151.0;20.0;0.0;0.0;71158;8;71166.0;16.0;71167.0;20.0;71155.0;0.0
0;20848.0;71145;2;71144.0;18.0;71143.0;27.0;71156;2;71157.0;18.0;71158.0;27.0;71150.5;0.0
0;20849.0;71140;1;71138.0;13.0;71137.0;15.0;71150;1;71152.0;13.0;71153.0;15.0;71145.0;0.0
0;20850.0;71135;1;71134.0;12.0;71133.0;28.0;71146;1;71147.0;12.0;71148.0;28.0;71140.5;0.0
0;20851.0;71121;14;71120.0;15.0;0.0;0.0;71134;14;71135.0;15.0;0.0;0.0;71127.5;0.0
0;20852.0;71127;2;71126.0;11.0;71125.0;19.0;71138;2;71139.0;11.0;71140.0;19.0;71132.5;0.0
0;20853.0;71116;2;71115.0;15.0;71114.0;21.0;71127;2;71128.0;15.0;71129.0;21.0;71121.5;0.0
0;20854.0;71099;15;71098.0;23.0;0.0;0.0;71112;15;71113.0;23.0;0.0;0.0;71105.5;0.0
0;20855.0;71088;17;71087.0;30.0;0.0;0.0;71101;17;71103.0;30.0;0.0;0.0;71094.5;0.0
0;20856.0;71090;2;71089.0;17.0;71088.0;26.0;71101;2;71102.0;17.0;71103.0;26.0;71095.5;0.0
0;20857.0;71092;2;71090.0;19.0;71089.0;18.0;71102;2;71104.0;19.0;71105.0;18.0;71097.0;0.0
0;20858.0;71112;8;71107.0;2.0;71106.0;15.0;71118;2;71119.0;15.0;71120.0;15.0;71115.0;0.0
0;20859.0;71107;2;71106.0;15.0;71105.0;30.0;71118;2;71119.0;15.0;71120.0;30.0;71112.5;0.0
0;20860.0;71106;1;71105.0;12.0;71104.0;24.0;71117;1;71118.0;12.0;71120.0;24.0;71111.5;0.0
0;20861.0;71109;1;71108.0;13.0;71107.0;27.0;71120;1;71121.0;13.0;71122.0;27.0;71114.5;0.0
0;20862.0;71112;2;71110.0;17.0;71109.0;28.0;71123;2;71124.0;17.0;71125.0;28.0;71117.5;0.0
0;20863.0;71115;10;71114.0;20.0;0.0;0.0;71128;10;71129.0;20.0;0.0;0.0;71121.5;0.0
0;20864.0;71113;2;71112.0;19.0;71111.0;24.0;71124;2;71125.0;19.0;71126.0;24.0;71118.5;0.0
0;20865.0;71117;12;71116.0;23.0;0.0;0.0;71130;12;71131.0;23.0;0.0;0.0;71123.5;0.0
0;20866.0;71119;2;71118.0;10.0;71117.0;25.0;71130;2;71131.0;10.0;71132.0;25.0;71124.5;0.0
0;20867.0;71109;5;71103.0;13.0;71102.0;18.0;71116;13;71117.0;18.0;0.0;0.0;71112.5;0.0
0;20868.0;71122;15;71121.0;28.0;0.0;0.0;71135;15;71136.0;28.0;0.0;0.0;71128.5;0.0
0;20869.0;71123;1;71122.0;11.0;71121.0;18.0;71134;1;71135.0;11.0;71136.0;18.0;71128.5;0.0
0;20870.0;71113;2;71112.0;10.0;71111.0;27.0;71124;2;71125.0;10.0;71126.0;27.0;71118.5;0.0
0;20871.0;71100;2;71099.0;14.0;71098.0;24.0;71105;3;71111.0;2.0;71112.0;14.0;71102.5;0.0
0;20872.0;71104;7;71099.0;2.0;71098.0;11.0;71110;2;71111.0;11.0;71113.0;16.0;71107.0;0.0
0;20873.0;71102;16;71101.0;19.0;0.0;0.0;71115;16;71116.0;19.0;0.0;0.0;71108.5;0.0
0;20874.0;71107;2;71106.0;14.0;71105.0;20.0;71118;2;71119.0;14.0;71121.0;20.0;71112.5;0.0
0;20875.0;71105;10;71103.0;29.0;0.0;0.0;71118;10;71119.0;29.0;0.0;0.0;71111.5;0.0
0;20876.0;71117;10;71116.0;18.0;0.0;0.0;71130;10;71131.0;18.0;0.0;0.0;71123.5;0.0
0;20877.0;71121;6;71116.0;1.0;71115.0;19.0;71127;1;71128.0;19.0;71129.0;16.0;71124.0;0.0
0;20878.0;71118;12;71116.0;25.0;0.0;0.0;71131;12;71132.0;25.0;0.0;0.0;71124.5;0.0
0;20879.0;71117;2;71116.0;20.0;71115.0;15.0;71128;2;71129.0;20.0;71130.0;15.0;71122.5;0.0
0;20880.0;71117;15;71116.0;18.0;0.0;0.0;71130;15;71131.0;18.0;0.0;0.0;71123.5;0.0
0;20881.0;71123;2;71122.0;18.0;71121.0;17.0;71134;2;71135.0;18.0;71137.0;17.0;71128.5;0.0
0;20882.0;71120;1;71119.0;14.0;71118.0;18.0;71131;1;71132.0;14.0;71133.0;18.0;71125.5;0.0
0;20883.0;71127;10;71126.0;24.0;0.0;0.0;71140;10;71141.0;24.0;0.0;0.0;71133.5;0.0
0;20884.0;71120;2;71119.0;10.0;71118.0;21.0;71131;2;71132.0;10.0;71133.0;21.0;71125.5;0.0
0;20885.0;71110;7;71105.0;1.0;71104.0;16.0;71116;1;71117.0;16.0;71118.0;19.0;71113.0;0.0
0;20886.0;71105;2;71104.0;20.0;71103.0;17.0;71116;2;71117.0;20.0;71118.0;17.0;71110.5;0.0
0;20887.0;71115;1;71114.0;19.0;71113.0;18.0;71126;1;71127.0;19.0;71128.0;18.0;71120.5;0.0
0;20888.0;71116;13;71115.0;15.0;0.0;0.0;71129;13;71130.0;15.0;0.0;0.0;71122.5;0.0
0;20889.0;71116;1;71115.0;16.0;71113.0;15.0;71127;1;71128.0;16.0;71129.0;15.0;71121.5;0.0
0;20890.0;71113;2;71112.0;18.0;71111.0;21.0;71124;2;71125.0;18.0;71126.0;21.0;71118.5;0.0
0;20891.0;71112;2;71111.0;20.0;71110.0;28.0;71123;2;71124.0;20.0;71125.0;28.0;71117.5;0.0
0;20892.0;71111;10;71110.0;16.0;0.0;0.0;71124;10;71126.0;16.0;0.0;0.0;71117.5;0.0
0;20893.0;71107;18;71106.0;27.0;0.0;0.0;71120;18;71121.0;27.0;0.0;0.0;71113.5;0.0
0;20894.0;71102;2;71101.0;14.0;71099.0;15.0;71113;2;71114.0;14.0;71115.0;15.0;71107.5;0.0
0;20895.0;71110;2;71109.0;18.0;71108.0;30.0;71121;2;71122.0;18.0;71123.0;30.0;71115.5;0.0
0;20896.0;71101;2;71100.0;12.0;71099.0;30.0;71112;2;71113.0;12.0;71114.0;30.0;71106.5;0.0
0;20897.0;71093;1;71092.0;18.0;71090.0;15.0;71104;1;71105.0;18.0;71106.0;15.0;71098.5;0.0
0;20898.0;71092;17;71091.0;21.0;0.0;0.0;71106;17;71107.0;21.0;0.0;0.0;71099.0;0.0
0;20899.0;71094;1;71093.0;20.0;71092.0;26.0;71105;1;71106.0;20.0;71107.0;26.0;71099.5;0.0
0;20900.0;71098;2;71097.0;18.0;71095.0;21.0;71109;2;71110.0;18.0;71111.0;21.0;71103.5;0.0
0;20901.0;71109;14;71108.0;26.0;0.0;0.0;71122;14;71123.0;26.0;0.0;0.0;71115.5;0.0
0;20902.0;71111;1;71110.0;12.0;71108.0;22.0;71122;1;71123.0;12.0;71124.0;22.0;71116.5;0.0
0;20903.0;71127;2;71126.0;17.0;71124.0;20.0;71138;2;71139.0;17.0;71140.0;20.0;71132.5;0.0
0;20904.0;71120;19;71119.0;27.0;0.0;0.0;71133;19;71134.0;27.0;0.0;0.0;71126.5;0.0
0;20905.0;71118;1;71117.0;10.0;71116.0;23.0;71129;1;71130.0;10.0;71131.0;23.0;71123.5;0.0
0;20906.0;71119;2;71118.0;11.0;71117.0;30.0;71130;2;71131.0;11.0;71132.0;30.0;71124.5;0.0
0;20907.0;71125;11;71124.0;20.0;0.0;0.0;71138;11;71139.0;20.0;0.0;0.0;71131.5;0.0
0;20908.0;71122;1;71121.0;18.0;71120.0;23.0;71133;1;71134.0;18.0;71135.0;23.0;71127.5;0.0
0;20909.0;71120;2;71119.0;10.0;71118.0;27.0;71125;5;71131.0;2.0;71132.0;10.0;71122.5;0.0
0;20910.0;71120;11;71119.0;26.0;0.0;0.0;71133;11;71134.0;26.0;0.0;0.0;71126.5;0.0
0;20911.0;71129;2;71128.0;18.0;71127.0;25.0;71140;2;71141.0;18.0;71143.0;25.0;71134.5;0.0
0;20912.0;71124;1;71123.0;20.0;71122.0;18.0;71135;1;71136.0;20.0;71137.0;18.0;71129.5;0.0
0;20913.0;71124;2;71123.0;19.0;71122.0;17.0;71135;2;71136.0;19.0;71137.0;17.0;71129.5;0.0
0;20914.0;71143;3;71138.0;2.0;71137.0;11.0;71149;2;71150.0;11.0;71151.0;15.0;71146.0;0.0
0;20915.0;71118;20;71117.0;17.0;0.0;0.0;71131;20;71132.0;17.0;0.0;0.0;71124.5;0.0
0;20916.0;71131;1;71130.0;13.0;71129.0;15.0;71142;1;71143.0;13.0;71144.0;15.0;71136.5;0.0
0;20917.0;71125;16;71124.0;24.0;0.0;0.0;71138;16;71140.0;24.0;0.0;0.0;71131.5;0.0
0;20918.0;71120;1;71119.0;19.0;71118.0;23.0;71131;1;71132.0;19.0;71133.0;23.0;71125.5;0.0
0;20919.0;71130;1;71129.0;11.0;71128.0;23.0;71141;1;71142.0;11.0;71143.0;23.0;71135.5;0.0
0;20920.0;71117;14;71116.0;24.0;0.0;0.0;71130;14;71131.0;24.0;0.0;0.0;71123.5;0.0
0;20921.0;71117;1;71116.0;14.0;71115.0;28.0;71128;1;71129.0;14.0;71130.0;28.0;71122.5;0.0
0;20922.0;71125;2;71124.0;13.0;71123.0;27.0;71130;3;71136.0;2.0;71137.0;13.0;71127.5;0.0
0;20923.0;71131;2;71130.0;16.0;71129.0;29.0;71142;2;71143.0;16.0;71144.0;29.0;71136.5;0.0
0;20924.0;71136;16;71135.0;26.0;0.0;0.0;71149;16;71150.0;26.0;0.0;0.0;71142.5;0.0
0;20925.0;71150;7;71145.0;1.0;71144.0;11.0;71156;1;71157.0;11.0;71158.0;19.0;71153.0;0.0
0;20926.0;71151;2;71150.0;10.0;71149.0;24.0;71162;2;71163.0;10.0;71164.0;24.0;71156.5;0.0
0;20927.0;71154;13;71153.0;26.0;0.0;0.0;71167;13;71168.0;26.0;0.0;0.0;71160.5;0.0
0;20928.0;71142;17;71141.0;19.0;0.0;0.0;71156;17;71157.0;19.0;0.0;0.0;71149.0;0.0
0;20929.0;71145;11;71144.0;25.0;0.0;0.0;71151;2;71158.0;11.0;71159.0;25.0;71148.0;0.0
0;20930.0;71147;18;71146.0;28.0;0.0;0.0;71160;18;71161.0;28.0;0.0;0.0;71153.5;0.0
0;20931.0;71142;2;71141.0;12.0;71140.0;22.0;71153;2;71154.0;12.0;71155.0;22.0;71147.5;0.0
0;20932.0;71144;2;71143.0;20.0;71142.0;25.0;71155;2;71156.0;20.0;71157.0;25.0;71149.5;0.0
0;20933.0;71142;2;71141.0;18.0;71140.0;30.0;71153;2;71154.0;18.0;71155.0;30.0;71147.5;0.0
0;20934.0;71135;1;71134.0;18.0;71133.0;16.0;71146;1;71148.0;18.0;71149.0;16.0;71140.5;0.0
0;20935.0;71130;14;71129.0;21.0;0.0;0.0;71143;14;71144.0;21.0;0.0;0.0;71136.5;0.0
0;20936.0;71127;15;71126.0;29.0;0.0;0.0;71140;15;71141.0;29.0;0.0;0.0;71133.5;0.0
0;20937.0;71133;1;71132.0;20.0;71131.0;30.0;71144;1;71146.0;20.0;71147.0;30.0;71138.5;0.0
0;20938.0;71127;2;71126.0;11.0;71125.0;27.0;71138;2;71139.0;11.0;71141.0;27.0;71132.5;0.0
0;20939.0;71121;1;71120.0;19.0;71119.0;16.0;71132;1;71133.0;19.0;71134.0;16.0;71126.5;0.0
0;20940.0;71132;1;71131.0;13.0;71130.0;15.0;71143;1;71144.0;13.0;71145.0;15.0;71137.5;0.0
0;20941.0;71131;1;71130.0;20.0;71128.0;18.0;71142;1;71143.0;20.0;71144.0;18.0;71136.5;0.0
0;20942.0;71147;10;71146.0;21.0;0.0;0.0;71160;10;71161.0;21.0;0.0;0.0;71153.5;0.0
0;20943.0;71152;1;71150.0;16.0;71149.0;27.0;71162;1;71164.0;16.0;71165.0;27.0;71157.0;0.0
0;20944.0;71146;15;71145.0;21.0;0.0;0.0;71159;15;71160.0;21.0;0.0;0.0;71152.5;0.0
0;20945.0;71150;2;71149.0;17.0;71148.0;22.0;71161;2;71162.0;17.0;71163.0;22.0;71155.5;0.0
0;20946.0;71150;17;71149.0;25.0;0.0;0.0;71163;17;71164.0;25.0;0.0;0.0;71156.5;0.0
0;20947.0;71146;11;71145.0;18.0;0.0;0.0;71159;11;71160.0;18.0;0.0;0.0;71152.5;0.0
0;20948.0;71147;16;71146.0;23.0;0.0;0.0;71160;16;71161.0;23.0;0.0;0.0;71153.5;0.0
0;20949.0;71151;1;71150.0;13.0;71149.0;28.0;71162;1;71163.0;13.0;71164.0;28.0;71156.5;0.0
0;20950.0;71143;2;71142.0;19.0;71141.0;15.0;71154;2;71155.0;19.0;71156.0;15.0;71148.5;0.0
0;20951.0;71136;16;71135.0;21.0;0.0;0.0;71150;16;71151.0;21.0;0.0;0.0;71143.0;0.0
0;20952.0;71144;1;71143.0;16.0;71142.0;29.0;71155;1;71156.0;16.0;71157.0;29.0;71149.5;0.0
0;20953.0;71149;11;71148.0;16.0;0.0;0.0;71150;5;71161.0;1.0;71162.0;11.0;71149.5;0.0
0;20954.0;71157;1;71156.0;20.0;71155.0;26.0;71168;1;71169.0;20.0;71170.0;26.0;71162.5;0.0
0;20955.0;71152;1;71151.0;11.0;71150.0;23.0;71163;1;71164.0;11.0;71165.0;23.0;71157.5;0.0
0;20956.0;71169;6;71164.0;1.0;71163.0;16.0;71175;1;71176.0;16.0;71177.0;28.0;71172.0;0.0
0;20957.0;71165;11;71164.0;27.0;0.0;0.0;71178;11;71180.0;27.0;0.0;0.0;71171.5;0.0
0;20958.0;71177;2;71176.0;20.0;71175.0;30.0;71188;2;71189.0;20.0;71190.0;30.0;71182.5;0.0
0;20959.0;71180;2;71179.0;13.0;71178.0;18.0;71191;2;71192.0;13.0;71193.0;18.0;71185.5;0.0
0;20960.0;71184;19;71183.0;29.0;0.0;0.0;71197;19;71198.0;29.0;0.0;0.0;71190.5;0.0
0;20961.0;71185;5;71180.0;2.0;71179.0;17.0;71191;2;71192.0;17.0;71193.0;28.0;71188.0;0.0
0;20962.0;71193;2;71192.0;17.0;71191.0;21.0;71204;2;71205.0;17.0;71206.0;21.0;71198.5;0.0
0;20963.0;71181;1;71180.0;11.0;71179.0;30.0;71186;1;71192.0;1.0;71193.0;11.0;71183.5;0.0
0;20964.0;71178;20;71177.0;15.0;0.0;0.0;71191;20;71192.0;15.0;0.0;0.0;71184.5;0.0
0;20965.0;71182;2;71181.0;17.0;71180.0;20.0;71193;2;71194.0;17.0;71196.0;20.0;71187.5;0.0
0;20966.0;71180;19;71179.0;18.0;0.0;0.0;71193;19;71194.0;18.0;0.0;0.0;71186.5;0.0
0;20967.0;71194;14;71193.0;18.0;0.0;0.0;71207;14;71208.0;18.0;0.0;0.0;71200.5;0.0
0;20968.0;71200;1;71199.0;15.0;71198.0;15.0;71211;1;71212.0;15.0;71213.0;15.0;71205.5;0.0
0;20969.0;71199;16;71198.0;17.0;0.0;0.0;71212;16;71213.0;17.0;0.0;0.0;71205.5;0.0
0;20970.0;71206;18;71205.0;21.0;0.0;0.0;71219;18;71220.0;21.0;0.0;0.0;71212.5;0.0
0;20971.0;71193;2;71192.0;20.0;71191.0;27.0;71204;2;71205.0;20.0;71206.0;27.0;71198.5;0.0
0;20972.0;71181;2;71180.0;17.0;71179.0;21.0;71186;6;71192.0;2.0;71193.0;17.0;71183.5;0.0
0;20973.0;71187;2;71186.0;12.0;71185.0;30.0;71198;2;71199.0;12.0;71200.0;30.0;71192.5;0.0
0;20974.0;71191;1;71190.0;16.0;71189.0;16.0;71202;1;71203.0;16.0;71204.0;16.0;71196.5;0.0
0;20975.0;71202;4;71197.0;2.0;71196.0;20.0;71208;2;71209.0;20.0;71211.0;27.0;71205.0;0.0
0;20976.0;71206;2;71205.0;18.0;71204.0;17.0;71217;2;71218.0;18.0;71219.0;17.0;71211.5;0.0
0;20977.0;71211;10;71209.0;26.0;0.0;0.0;71224;10;71225.0;26.0;0.0;0.0;71217.5;0.0
0;20978.0;71203;1;71202.0;16.0;71201.0;27.0;71214;1;71215.0;16.0;71216.0;27.0;71208.5;0.0
0;20979.0;71203;15;71202.0;19.0;0.0;0.0;71216;15;71217.0;19.0;0.0;0.0;71209.5;0.0
0;20980.0;71211;18;71210.0;22.0;0.0;0.0;71225;18;71226.0;22.0;0.0;0.0;71218.0;0.0
0;20981.0;71207;1;71206.0;12.0;71204.0;23.0;71218;1;71219.0;12.0;71220.0;23.0;71212.5;0.0
0;20982.0;71185;2;71183.0;12.0;71182.0;20.0;71195;2;71197.0;12.0;71198.0;20.0;71190.0;0.0
0;20983.0;71184;1;71183.0;16.0;71182.0;21.0;71195;1;71196.0;16.0;71197.0;21.0;71189.5;0.0
0;20984.0;71194;1;71192.0;19.0;71191.0;22.0;71204;1;71206.0;19.0;71207.0;22.0;71199.0;0.0
0;20985.0;71189;12;71188.0;19.0;0.0;0.0;71202;12;71203.0;19.0;0.0;0.0;71195.5;0.0
0;20986.0;71200;2;71199.0;15.0;71198.0;25.0;71211;2;71212.0;15.0;71213.0;25.0;71205.5;0.0
0;20987.0;71202;2;71200.0;16.0;71199.0;20.0;71213;2;71214.0;16.0;71215.0;20.0;71207.5;0.0
0;20988.0;71201;2;71200.0;19.0;71199.0;15.0;71212;2;71213.0;19.0;71214.0;15.0;71206.5;0.0
0;20989.0;71195;1;71194.0;15.0;71193.0;29.0;71206;1;71207.0;15.0;71208.0;29.0;71200.5;0.0
0;20990.0;71198;1;71197.0;17.0;71196.0;25.0;71209;1;71211.0;17.0;71212.0;25.0;71203.5;0.0
0;20991.0;71202;2;71201.0;19.0;71200.0;29.0;71213;2;71214.0;19.0;71215.0;29.0;71207.5;0.0
0;20992.0;71222;2;71221.0;20.0;71220.0;21.0;71233;2;71234.0;20.0;71235.0;21.0;71227.5;0.0
0;20993.0;71226;1;71225.0;15.0;71224.0;17.0;71237;1;71238.0;15.0;71239.0;17.0;71231.5;0.0
0;20994.0;71222;18;71221.0;24.0;0.0;0.0;71235;18;71236.0;24.0;0.0;0.0;71228.5;0.0
0;20995.0;71223;20;71222.0;27.0;0.0;0.0;71237;20;71238.0;27.0;0.0;0.0;71230.0;0.0
0;20996.0;71227;1;71226.0;15.0;71224.0;17.0;71238;1;71239.0;15.0;71240.0;17.0;71232.5;0.0
0;20997.0;71220;13;71219.0;21.0;0.0;0.0;71233;13;71234.0;21.0;0.0;0.0;71226.5;0.0
0;20998.0;71222;1;71221.0;14.0;71220.0;19.0;71233;1;71234.0;14.0;71235.0;19.0;71227.5;0.0
0;20999.0;71218;1;71217.0;15.0;71216.0;21.0;71229;1;71230.0;15.0;71231.0;21.0;71223.5;0.0
0;21000.0;71220;2;71219.0;10.0;71218.0;24.0;71231;2;71232.0;10.0;71233.0;24.0;71225.5;0.0
0;21001.0;71217;20;71216.0;24.0;0.0;0.0;71230;20;71231.0;24.0;0.0;0.0;71223.5;0.0
0;21002.0;71216;1;71215.0;18.0;71214.0;19.0;71227;1;71229.0;18.0;71230.0;19.0;71221.5;0.0
0;21003.0;71224;16;71223.0;27.0;0.0;0.0;71237;16;71238.0;27.0;0.0;0.0;71230.5;0.0
0;21004.0;71233;2;71232.0;14.0;71230.0;16.0;71244;2;71245.0;14.0;71246.0;16.0;71238.5;0.0
0;21005.0;71236;1;71235.0;10.0;71234.0;23.0;71247;1;71248.0;10.0;71249.0;23.0;71241.5;0.0
0;21006.0;71237;2;71236.0;10.0;71235.0;21.0;71248;2;71249.0;10.0;71250.0;21.0;71242.5;0.0
0;21007.0;71220;2;71219.0;11.0;71218.0;18.0;71231;2;71233.0;11.0;71234.0;18.0;71225.5;0.0
0;21008.0;71229;7;71223.0;13.0;71222.0;15.0;71236;13;71237.0;15.0;0.0;0.0;71232.5;0.0
0;21009.0;71231;1;71230.0;14.0;71229.0;18.0;71242;1;71243.0;14.0;71244.0;18.0;71236.5;0.0
0;21010.0;71238;13;71237.0;26.0;0.0;0.0;71251;13;71252.0;26.0;0.0;0.0;71244.5;0.0
0;21011.0;71243;2;71242.0;19.0;71241.0;29.0;71254;2;71255.0;19.0;71256.0;29.0;71248.5;0.0
0;21012.0;71261;7;71249.0;20.0;71248.0;20.0;71263;20;71264.0;20.0;0.0;0.0;71262.0;0.0
0;21013.0;71246;19;71245.0;15.0;0.0;0.0;71259;19;71260.0;15.0;0.0;0.0;71252.5;0.0
0;21014.0;71248;14;71247.0;27.0;0.0;0.0;71261;14;71262.0;27.0;0.0;0.0;71254.5;0.0
0;21015.0;71251;10;71250.0;29.0;0.0;0.0;71264;10;71265.0;29.0;0.0;0.0;71257.5;0.0
0;21016.0;71245;1;71244.0;11.0;71243.0;27.0;71256;1;71257.0;11.0;71258.0;27.0;71250.5;0.0
0;21017.0;71238;2;71237.0;19.0;71236.0;15.0;71243;5;71249.0;2.0;71250.0;19.0;71240.5;0.0
0;21018.0;71232;1;71231.0;19.0;71229.0;16.0;71243;1;71244.0;19.0;71245.0;16.0;71237.5;0.0
0;21019.0;71223;2;71221.0;16.0;71220.0;26.0;71233;2;71235.0;16.0;71236.0;26.0;71228.0;0.0
0;21020.0;71224;2;71223.0;15.0;71221.0;27.0;71235;2;71236.0;15.0;71237.0;27.0;71229.5;0.0
0;21021.0;71227;1;71226.0;19.0;71225.0;30.0;71238;1;71239.0;19.0;71240.0;30.0;71232.5;0.0
0;21022.0;71216;2;71215.0;10.0;71214.0;18.0;71227;2;71228.0;10.0;71229.0;18.0;71221.5;0.0
0;21023.0;71211;1;71210.0;20.0;71208.0;19.0;71222;1;71223.0;20.0;71224.0;19.0;71216.5;0.0
0;21024.0;71222;11;71221.0;19.0;0.0;0.0;71235;11;71236.0;19.0;0.0;0.0;71228.5;0.0
0;21025.0;71211;1;71209.0;11.0;71208.0;15.0;71222;1;71223.0;11.0;71224.0;15.0;71216.5;0.0
0;21026.0;71215;1;71214.0;15.0;71213.0;30.0;71226;1;71227.0;15.0;71228.0;30.0;71220.5;0.0
0;21027.0;71215;12;71214.0;19.0;0.0;0.0;71228;12;71229.0;19.0;0.0;0.0;71221.5;0.0
0;21028.0;71230;3;71224.0;11.0;71223.0;21.0;71237;11;71238.0;21.0;0.0;0.0;71233.5;0.0
0;21029.0;71226;20;71225.0;24.0;0.0;0.0;71240;20;71241.0;24.0;0.0;0.0;71233.0;0.0
0;21030.0;71218;5;71213.0;1.0;71212.0;18.0;71224;1;71225.0;18.0;71226.0;27.0;71221.0;0.0
0;21031.0;71219;16;71218.0;21.0;0.0;0.0;71232;16;71233.0;21.0;0.0;0.0;71225.5;0.0
0;21032.0;71220;1;71219.0;14.0;71218.0;18.0;71231;1;71232.0;14.0;71233.0;18.0;71225.5;0.0
0;21033.0;71223;18;71222.0;26.0;0.0;0.0;71236;18;71237.0;26.0;0.0;0.0;71229.5;0.0
0;21034.0;71227;1;71226.0;13.0;71225.0;30.0;71238;1;71239.0;13.0;71240.0;30.0;71232.5;0.0
0;21035.0;71238;2;71237.0;17.0;71235.0;26.0;71249;2;71250.0;17.0;71251.0;26.0;71243.5;0.0
0;21036.0;71241;1;71240.0;15.0;71239.0;23.0;71252;1;71253.0;15.0;71254.0;23.0;71246.5;0.0
0;21037.0;71256;1;71255.0;14.0;71254.0;20.0;71267;1;71268.0;14.0;71270.0;20.0;71261.5;0.0
0;21038.0;71262;13;71261.0;28.0;0.0;0.0;71275;13;71276.0;28.0;0.0;0.0;71268.5;0.0
0;21039.0;71257;6;71246.0;2.0;71245.0;15.0;71258;15;71259.0;25.0;0.0;0.0;71257.5;0.0
0;21040.0;71250;1;71248.0;16.0;71247.0;22.0;71260;1;71262.0;16.0;71263.0;22.0;71255.0;0.0
0;21041.0;71257;1;71256.0;17.0;71255.0;24.0;71262;2;71268.0;1.0;71269.0;17.0;71259.5;0.0
0;21042.0;71265;1;71264.0;10.0;71263.0;16.0;71276;1;71277.0;10.0;71278.0;16.0;71270.5;0.0
0;21043.0;71266;2;71265.0;15.0;71264.0;22.0;71277;2;71278.0;15.0;71279.0;22.0;71271.5;0.0
0;21044.0;71279;1;71278.0;18.0;71277.0;25.0;71290;1;71291.0;18.0;71293.0;25.0;71284.5;0.0
0;21045.0;71265;1;71264.0;19.0;71263.0;15.0;71270;2;71276.0;1.0;71277.0;19.0;71267.5;0.0
0;21046.0;71275;2;71273.0;18.0;71272.0;30.0;71285;2;71287.0;18.0;71288.0;30.0;71280.0;0.0
0;21047.0;71276;1;71275.0;19.0;71273.0;23.0;71287;1;71288.0;19.0;71289.0;23.0;71281.5;0.0
0;21048.0;71277;18;71276.0;19.0;0.0;0.0;71290;18;71291.0;19.0;0.0;0.0;71283.5;0.0
0;21049.0;71268;11;71267.0;26.0;0.0;0.0;71281;11;71282.0;26.0;0.0;0.0;71274.5;0.0
0;21050.0;71281;1;71280.0;15.0;71279.0;24.0;71292;1;71293.0;15.0;71294.0;24.0;71286.5;0.0
0;21051.0;71277;16;71276.0;19.0;0.0;0.0;71290;16;71291.0;19.0;0.0;0.0;71283.5;0.0
0;21052.0;71268;19;71267.0;24.0;0.0;0.0;71281;19;71282.0;24.0;0.0;0.0;71274.5;0.0
0;21053.0;71271;2;71270.0;17.0;71269.0;25.0;71282;2;71283.0;17.0;71284.0;25.0;71276.5;0.0
0;21054.0;71277;1;71276.0;19.0;71275.0;16.0;71288;1;71289.0;19.0;71290.0;16.0;71282.5;0.0
0;21055.0;71264;2;71263.0;15.0;71262.0;28.0;71275;2;71276.0;15.0;71277.0;28.0;71269.5;0.0
0;21056.0;71268;2;71267.0;17.0;71266.0;30.0;71279;2;71280.0;17.0;71282.0;30.0;71273.5;0.0
0;21057.0;71258;11;71257.0;15.0;0.0;0.0;71271;11;71272.0;15.0;0.0;0.0;71264.5;0.0
0;21058.0;71255;15;71254.0;30.0;0.0;0.0;71268;15;71269.0;30.0;0.0;0.0;71261.5;0.0
0;21059.0;71268;2;71267.0;18.0;71266.0;16.0;71279;2;71281.0;18.0;71282.0;16.0;71273.5;0.0
0;21060.0;71262;10;71261.0;20.0;0.0;0.0;71275;10;71276.0;20.0;0.0;0.0;71268.5;0.0
0;21061.0;71272;2;71271.0;19.0;71270.0;22.0;71283;2;71284.0;19.0;71285.0;22.0;71277.5;0.0
0;21062.0;71268;1;71267.0;12.0;71266.0;18.0;71279;1;71280.0;12.0;71281.0;18.0;71273.5;0.0
0;21063.0;71268;7;71263.0;2.0;71262.0;16.0;71274;2;71275.0;16.0;71276.0;26.0;71271.0;0.0
0;21064.0;71264;5;71258.0;12.0;71257.0;19.0;71271;12;71272.0;19.0;0.0;0.0;71267.5;0.0
0;21065.0;71251;2;71250.0;11.0;71249.0;15.0;71262;2;71263.0;11.0;71264.0;15.0;71256.5;0.0
0;21066.0;71235;17;71233.0;28.0;0.0;0.0;71248;17;71249.0;28.0;0.0;0.0;71241.5;0.0
0;21067.0;71232;13;71231.0;15.0;0.0;0.0;71245;13;71246.0;15.0;0.0;0.0;71238.5;0.0
0;21068.0;71231;1;71230.0;11.0;71229.0;19.0;71242;1;71243.0;11.0;71244.0;19.0;71236.5;0.0
0;21069.0;71243;2;71242.0;16.0;71241.0;30.0;71254;2;71255.0;16.0;71256.0;30.0;71248.5;0.0
0;21070.0;71249;15;71248.0;27.0;0.0;0.0;71262;15;71264.0;27.0;0.0;0.0;71255.5;0.0
0;21071.0;71263;1;71262.0;14.0;71261.0;22.0;71274;1;71275.0;14.0;71276.0;22.0;71268.5;0.0
0;21072.0;71269;1;71268.0;17.0;71267.0;16.0;71274;6;71280.0;1.0;71281.0;17.0;71271.5;0.0
0;21073.0;71260;2;71259.0;15.0;71257.0;20.0;71271;2;71272.0;15.0;71273.0;20.0;71265.5;0.0
0;21074.0;71269;1;71268.0;10.0;71267.0;20.0;71280;1;71281.0;10.0;71282.0;20.0;71274.5;0.0
0;21075.0;71274;15;71273.0;24.0;0.0;0.0;71287;15;71288.0;24.0;0.0;0.0;71280.5;0.0
0;21076.0;71261;1;71256.0;2.0;71255.0;11.0;71267;2;71268.0;11.0;71269.0;29.0;71264.0;0.0
0;21077.0;71251;16;71250.0;29.0;0.0;0.0;71258;2;71265.0;16.0;71266.0;29.0;71254.5;0.0
0;21078.0;71267;19;71266.0;20.0;0.0;0.0;71280;19;71281.0;20.0;0.0;0.0;71273.5;0.0
0;21079.0;71277;1;71276.0;12.0;71275.0;25.0;71282;4;71288.0;1.0;71289.0;12.0;71279.5;0.0
0;21080.0;71284;15;71283.0;23.0;0.0;0.0;71297;15;71298.0;23.0;0.0;0.0;71290.5;0.0
0;21081.0;71286;2;71285.0;17.0;71284.0;28.0;71297;2;71298.0;17.0;71299.0;28.0;71291.5;0.0
0;21082.0;71283;20;71282.0;24.0;0.0;0.0;71296;20;71297.0;24.0;0.0;0.0;71289.5;0.0
0;21083.0;71283;12;71282.0;22.0;0.0;0.0;71296;12;71297.0;22.0;0.0;0.0;71289.5;0.0
0;21084.0;71289;15;71288.0;29.0;0.0;0.0;71302;15;71303.0;29.0;0.0;0.0;71295.5;0.0
0;21085.0;71287;15;71286.0;20.0;0.0;0.0;71300;15;71301.0;20.0;0.0;0.0;71293.5;0.0
0;21086.0;71284;14;71283.0;27.0;0.0;0.0;71297;14;71298.0;27.0;0.0;0.0;71290.5;0.0
0;21087.0;71287;1;71286.0;10.0;71285.0;16.0;71298;1;71300.0;10.0;71301.0;16.0;71292.5;0.0
0;21088.0;71314;2;71313.0;11.0;71312.0;16.0;71325;2;71326.0;11.0;71327.0;16.0;71319.5;0.0
0;21089.0;71317;2;71316.0;15.0;71315.0;25.0;71328;2;71329.0;15.0;71330.0;25.0;71322.5;0.0
0;21090.0;71322;1;71321.0;17.0;71320.0;16.0;71333;1;71334.0;17.0;71335.0;16.0;71327.5;0.0
0;21091.0;71330;1;71329.0;10.0;71328.0;24.0;71341;1;71342.0;10.0;71343.0;24.0;71335.5;0.0
0;21092.0;71321;2;71320.0;11.0;71319.0;22.0;71332;2;71333.0;11.0;71334.0;22.0;71326.5;0.0
0;21093.0;71306;11;71305.0;22.0;0.0;0.0;71319;11;71320.0;22.0;0.0;0.0;71312.5;0.0
0;21094.0;71298;1;71297.0;12.0;71296.0;17.0;71309;1;71310.0;12.0;71311.0;17.0;71303.5;0.0
0;21095.0;71284;2;71283.0;17.0;71282.0;29.0;71295;2;71296.0;17.0;71297.0;29.0;71289.5;0.0
0;21096.0;71301;16;71300.0;20.0;0.0;0.0;71314;16;71315.0;20.0;0.0;0.0;71307.5;0.0
0;21097.0;71315;4;71303.0;15.0;71302.0;17.0;71316;15;71317.0;17.0;0.0;0.0;71315.5;0.0
0;21098.0;71311;2;71310.0;10.0;71308.0;24.0;71322;2;71323.0;10.0;71324.0;24.0;71316.5;0.0
0;21099.0;71315;4;71310.0;2.0;71309.0;13.0;71321;2;71323.0;13.0;71324.0;18.0;71318.0;0.0
0;21100.0;71320;1;71313.0;16.0;71312.0;28.0;71327;16;71328.0;28.0;0.0;0.0;71323.5;0.0
0;21101.0;71317;1;71316.0;16.0;71315.0;28.0;71328;1;71329.0;16.0;71330.0;28.0;71322.5;0.0
0;21102.0;71313;1;71312.0;18.0;71311.0;28.0;71324;1;71325.0;18.0;71326.0;28.0;71318.5;0.0
0;21103.0;71329;18;71328.0;19.0;0.0;0.0;71342;18;71343.0;19.0;0.0;0.0;71335.5;0.0
0;21104.0;71331;1;71330.0;15.0;71329.0;19.0;71342;1;71343.0;15.0;71344.0;19.0;71336.5;0.0
0;21105.0;71321;14;71320.0;30.0;0.0;0.0;71334;14;71336.0;30.0;0.0;0.0;71327.5;0.0
0;21106.0;71321;14;71320.0;30.0;0.0;0.0;71334;14;71335.0;30.0;0.0;0.0;71327.5;0.0
0;21107.0;71322;1;71321.0;16.0;71320.0;25.0;71333;1;71334.0;16.0;71335.0;25.0;71327.5;0.0
0;21108.0;71327;2;71326.0;14.0;71325.0;23.0;71338;2;71340.0;14.0;71341.0;23.0;71332.5;0.0
0;21109.0;71328;2;71327.0;19.0;71326.0;18.0;71339;2;71340.0;19.0;71341.0;18.0;71333.5;0.0
0;21110.0;71332;15;71330.0;22.0;0.0;0.0;71345;15;71346.0;22.0;0.0;0.0;71338.5;0.0
0;21111.0;71339;18;71338.0;29.0;0.0;0.0;71352;18;71353.0;29.0;0.0;0.0;71345.5;0.0
0;21112.0;71342;1;71341.0;10.0;71340.0;15.0;71353;1;71354.0;10.0;71355.0;15.0;71347.5;0.0
0;21113.0;71335;1;71334.0;15.0;71333.0;30.0;71346;1;71347.0;15.0;71349.0;30.0;71340.5;0.0
0;21114.0;71328;1;71327.0;12.0;71326.0;24.0;71333;8;71339.0;1.0;71340.0;12.0;71330.5;0.0
0;21115.0;71333;11;71331.0;27.0;0.0;0.0;71346;11;71347.0;27.0;0.0;0.0;71339.5;0.0
0;21116.0;71343;1;71342.0;11.0;71341.0;20.0;71354;1;71355.0;11.0;71356.0;20.0;71348.5;0.0
0;21117.0;71338;1;71337.0;20.0;71336.0;23.0;71349;1;71350.0;20.0;71352.0;23.0;71343.5;0.0
0;21118.0;71340;18;71339.0;28.0;0.0;0.0;71346;3;71353.0;18.0;71354.0;28.0;71343.0;0.0
0;21119.0;71348;2;71347.0;12.0;71346.0;23.0;71359;2;71360.0;12.0;71362.0;23.0;71353.5;0.0
0;21120.0;71344;2;71343.0;17.0;71342.0;15.0;71355;2;71356.0;17.0;71357.0;15.0;71349.5;0.0
0;21121.0;71353;1;71352.0;20.0;71351.0;20.0;71364;1;71365.0;20.0;71366.0;20.0;71358.5;0.0
0;21122.0;71356;18;71355.0;29.0;0.0;0.0;71369;18;71370.0;29.0;0.0;0.0;71362.5;0.0
0;21123.0;71347;11;71346.0;21.0;0.0;0.0;71360;11;71361.0;21.0;0.0;0.0;71353.5;0.0
0;21124.0;71350;2;71348.0;20.0;71347.0;19.0;71361;2;71362.0;20.0;71363.0;19.0;71355.5;0.0
0;21125.0;71350;10;71349.0;17.0;0.0;0.0;71363;10;71364.0;17.0;0.0;0.0;71356.5;0.0
0;21126.0;71347;1;71346.0;16.0;71345.0;15.0;71358;1;71359.0;16.0;71360.0;15.0;71352.5;0.0
0;21127.0;71329;19;71328.0;20.0;0.0;0.0;71342;19;71344.0;20.0;0.0;0.0;71335.5;0.0
0;21128.0;71320;1;71319.0;10.0;71318.0;29.0;71331;1;71332.0;10.0;71333.0;29.0;71325.5;0.0
0;21129.0;71335;20;71334.0;21.0;0.0;0.0;71348;20;71349.0;21.0;0.0;0.0;71341.5;0.0
0;21130.0;71342;2;71341.0;13.0;71340.0;23.0;71353;2;71354.0;13.0;71355.0;23.0;71347.5;0.0
0;21131.0;71349;1;71348.0;20.0;71347.0;26.0;71360;1;71361.0;20.0;71363.0;26.0;71354.5;0.0
0;21132.0;71340;20;71339.0;26.0;0.0;0.0;71353;20;71354.0;26.0;0.0;0.0;71346.5;0.0
0;21133.0;71348;1;71347.0;20.0;71346.0;23.0;71359;1;71360.0;20.0;71361.0;23.0;71353.5;0.0
0;21134.0;71346;2;71345.0;18.0;71344.0;23.0;71357;2;71358.0;18.0;71359.0;23.0;71351.5;0.0
0;21135.0;71324;15;71323.0;23.0;0.0;0.0;71337;15;71338.0;23.0;0.0;0.0;71330.5;0.0
0;21136.0;71311;1;71310.0;12.0;71309.0;24.0;71322;1;71323.0;12.0;71324.0;24.0;71316.5;0.0
0;21137.0;71311;17;71310.0;28.0;0.0;0.0;71324;17;71325.0;28.0;0.0;0.0;71317.5;0.0
0;21138.0;71314;1;71313.0;19.0;71312.0;23.0;71325;1;71326.0;19.0;71327.0;23.0;71319.5;0.0
0;21139.0;71311;2;71310.0;18.0;71309.0;19.0;71322;2;71323.0;18.0;71324.0;19.0;71316.5;0.0
0;21140.0;71327;1;71326.0;10.0;71325.0;16.0;71338;1;71339.0;10.0;71340.0;16.0;71332.5;0.0
0;21141.0;71332;2;71331.0;17.0;71330.0;21.0;71343;2;71344.0;17.0;71345.0;21.0;71337.5;0.0
0;21142.0;71332;2;71331.0;19.0;71330.0;27.0;71343;2;71344.0;19.0;71345.0;27.0;71337.5;0.0
0;21143.0;71334;1;71333.0;12.0;71332.0;26.0;71345;1;71346.0;12.0;71347.0;26.0;71339.5;0.0
0;21144.0;71337;1;71336.0;11.0;71335.0;19.0;71342;4;71348.0;1.0;71349.0;11.0;71339.5;0.0
0;21145.0;71334;2;71333.0;12.0;71332.0;23.0;71345;2;71346.0;12.0;71347.0;23.0;71339.5;0.0
