day;timestamp;buyer;seller;currency;price;quantity
0;20001.0;Remy;Vinnie;SEASHELLS;8001.0;8
0;20014.0;Vinnie;Vladimir;SEASHELLS;8000.0;7
0;20036.0;Remy;Vinnie;SEASHELLS;8005.0;8
0;20059.0;Vinnie;Remy;SEASHELLS;7995.0;6
0;20059.0;Vinnie;Vladimir;SEASHELLS;7995.0;10
0;20075.0;Vinnie;Vladimir;SEASHELLS;7999.0;7
0;20081.0;Remy;Vinnie;SEASHELLS;8003.0;5
0;20101.0;Vinnie;Vladimir;SEASHELLS;8002.0;9
0;20109.0;Remy;Vinnie;SEASHELLS;8000.0;5
0;20127.0;Vinnie;Remy;SEASHELLS;8005.0;5
0;20128.0;Vinnie;Remy;SEASHELLS;8004.0;6
0;20132.0;Vinnie;Vladimir;SEASHELLS;8007.0;10
0;20137.0;Vinnie;Vladimir;SEASHELLS;8007.0;10
0;20138.0;Vinnie;Vladimir;SEASHELLS;8006.0;7
0;20139.0;Vinnie;Remy;SEASHELLS;8006.0;7
0;20156.0;Vinnie;Remy;SEASHELLS;8012.0;8
0;20158.0;Remy;Vinnie;SEASHELLS;8014.0;7
0;20168.0;Vinnie;Vladimir;SEASHELLS;8010.0;7
0;20172.0;Vinnie;Remy;SEASHELLS;8010.0;6
0;20184.0;Vinnie;Remy;SEASHELLS;8007.0;5
0;20198.0;Vinnie;Remy;SEASHELLS;8017.0;5
0;20201.0;Vinnie;Remy;SEASHELLS;8016.0;6
0;20209.0;Vinnie;Vladimir;SEASHELLS;8019.0;9
0;20216.0;Vinnie;Remy;SEASHELLS;8019.0;7
0;20242.0;Remy;Vinnie;SEASHELLS;8031.0;7
0;20254.0;Remy;Vinnie;SEASHELLS;8032.0;8
0;20261.0;Vinnie;Remy;SEASHELLS;8031.0;6
0;20275.0;Vinnie;Vladimir;SEASHELLS;8030.0;7
0;20281.0;Remy;Vinnie;SEASHELLS;8031.0;8
0;20286.0;Remy;Vinnie;SEASHELLS;8031.0;8
0;20294.0;Remy;Vinnie;SEASHELLS;8037.0;8
0;20305.0;Vinnie;Remy;SEASHELLS;8036.0;6
0;20317.0;Remy;Vinnie;SEASHELLS;8040.0;7
0;20323.0;Vinnie;Vladimir;SEASHELLS;8042.0;8
0;20335.0;Vinnie;Remy;SEASHELLS;8034.0;8
0;20362.0;Remy;Vinnie;SEASHELLS;8038.0;5
0;20368.0;Vinnie;Vladimir;SEASHELLS;8037.0;8
0;20370.0;Vinnie;Vladimir;SEASHELLS;8036.0;9
0;20384.0;Remy;Vinnie;SEASHELLS;8042.0;8
0;20400.0;Remy;Vinnie;SEASHELLS;8036.0;5
0;20410.0;Remy;Vinnie;SEASHELLS;8035.0;5
0;20445.0;Remy;Vinnie;SEASHELLS;8039.0;7
0;20447.0;Vinnie;Remy;SEASHELLS;8038.0;6
0;20450.0;Remy;Vinnie;SEASHELLS;8039.0;7
0;20462.0;Vinnie;Remy;SEASHELLS;8051.0;8
0;20466.0;Remy;Vinnie;SEASHELLS;8051.0;6
0;20474.0;Vinnie;Vladimir;SEASHELLS;8046.0;10
0;20480.0;Vinnie;Vladimir;SEASHELLS;8048.0;7
0;20482.0;Vinnie;Remy;SEASHELLS;8046.0;6
0;20490.0;Vinnie;Remy;SEASHELLS;8046.0;8
0;20500.0;Vinnie;Remy;SEASHELLS;8046.0;7
0;20501.0;Vinnie;Vladimir;SEASHELLS;8046.0;4
0;20519.0;Vinnie;Remy;SEASHELLS;8044.0;7
0;20530.0;Vinnie;Remy;SEASHELLS;8037.0;7
0;20553.0;Remy;Vinnie;SEASHELLS;8032.0;8
0;20561.0;Vinnie;Remy;SEASHELLS;8029.0;8
0;20580.0;Remy;Vinnie;SEASHELLS;8033.0;7
0;20586.0;Remy;Vinnie;SEASHELLS;8034.0;6
0;20592.0;Vinnie;Remy;SEASHELLS;8032.0;5
0;20616.0;Vinnie;Remy;SEASHELLS;8038.0;8
0;20627.0;Vinnie;Vladimir;SEASHELLS;8037.0;9
0;20642.0;Remy;Vinnie;SEASHELLS;8041.0;8
0;20653.0;Vinnie;Remy;SEASHELLS;8035.0;7
0;20656.0;Remy;Vinnie;SEASHELLS;8033.0;5
0;20660.0;Vinnie;Vladimir;SEASHELLS;8032.0;4
0;20666.0;Remy;Vinnie;SEASHELLS;8033.0;7
0;20672.0;Vinnie;Remy;SEASHELLS;8029.0;8
0;20682.0;Remy;Vinnie;SEASHELLS;8026.0;8
0;20688.0;Vinnie;Vladimir;SEASHELLS;8029.0;4
0;20703.0;Vinnie;Remy;SEASHELLS;8034.0;6
0;20715.0;Remy;Vinnie;SEASHELLS;8031.0;7
0;20716.0;Vinnie;Vladimir;SEASHELLS;8029.0;7
0;20718.0;Vinnie;Remy;SEASHELLS;8027.0;7
0;20753.0;Remy;Vinnie;SEASHELLS;8034.0;7
0;20755.0;Remy;Vinnie;SEASHELLS;8033.0;8
0;20772.0;Remy;Vinnie;SEASHELLS;8032.0;6
0;20776.0;Remy;Vinnie;SEASHELLS;8031.0;8
0;20781.0;Remy;Vinnie;SEASHELLS;8030.0;8
0;20814.0;Remy;Vinnie;SEASHELLS;8024.0;5
0;20816.0;Remy;Vinnie;SEASHELLS;8023.0;8
0;20828.0;Vinnie;Remy;SEASHELLS;8019.0;6
0;20839.0;Vinnie;Vladimir;SEASHELLS;8025.0;10
0;20862.0;Vinnie;Vladimir;SEASHELLS;8026.0;6
0;20874.0;Vinnie;Vladimir;SEASHELLS;8024.0;9
0;20876.0;Remy;Vinnie;SEASHELLS;8026.0;7
0;20896.0;Vinnie;Remy;SEASHELLS;8023.0;8
0;20905.0;Vinnie;Remy;SEASHELLS;8025.0;5
0;20931.0;Vinnie;Remy;SEASHELLS;8024.0;5
0;20937.0;Vinnie;Vladimir;SEASHELLS;8022.0;10
0;20946.0;Vinnie;Remy;SEASHELLS;8019.0;7
0;20953.0;Vinnie;Remy;SEASHELLS;8020.0;8
0;20955.0;Vinnie;Remy;SEASHELLS;8019.0;5
0;20988.0;Vinnie;Remy;SEASHELLS;8023.0;7
0;20996.0;Remy;Vinnie;SEASHELLS;8031.0;6
0;21005.0;Vinnie;Remy;SEASHELLS;8028.0;8
0;21016.0;Remy;Vinnie;SEASHELLS;8025.0;6
0;21025.0;Remy;Vinnie;SEASHELLS;8028.0;7
0;21028.0;Vinnie;Remy;SEASHELLS;8028.0;5
0;21060.0;Remy;Vinnie;SEASHELLS;8029.0;8
0;21062.0;Remy;Vinnie;SEASHELLS;8026.0;6
0;21075.0;Vinnie;Remy;SEASHELLS;8026.0;6
0;21102.0;Remy;Vinnie;SEASHELLS;8030.0;6
0;21152.0;Vinnie;Remy;SEASHELLS;8031.0;8
0;21164.0;Vinnie;Remy;SEASHELLS;8030.0;6
0;21166.0;Vinnie;Remy;SEASHELLS;8028.0;5
0;21177.0;Vinnie;Vladimir;SEASHELLS;8027.0;4
0;21189.0;Vinnie;Vladimir;SEASHELLS;8026.0;6
0;21192.0;Vinnie;Remy;SEASHELLS;8027.0;5
0;21201.0;Vinnie;Vladimir;SEASHELLS;8029.0;7
0;21203.0;Remy;Vinnie;SEASHELLS;8031.0;5
0;21207.0;Remy;Vinnie;SEASHELLS;8032.0;8
0;21217.0;Vinnie;Vladimir;SEASHELLS;8027.0;10
0;21219.0;Remy;Vinnie;SEASHELLS;8028.0;7
0;21240.0;Remy;Vinnie;SEASHELLS;8029.0;5
0;21242.0;Vinnie;Remy;SEASHELLS;8027.0;8
0;21266.0;Remy;Vinnie;SEASHELLS;8036.0;7
0;21267.0;Remy;Vinnie;SEASHELLS;8034.0;5
0;21270.0;Vinnie;Remy;SEASHELLS;8033.0;7
0;21271.0;Vinnie;Remy;SEASHELLS;8033.0;7
0;21278.0;Remy;Vinnie;SEASHELLS;8037.0;6
0;21299.0;Vinnie;Remy;SEASHELLS;8040.0;7
0;21301.0;Remy;Vinnie;SEASHELLS;8042.0;5
0;21321.0;Remy;Vinnie;SEASHELLS;8050.0;7
0;21322.0;Vinnie;Remy;SEASHELLS;8048.0;5
0;21354.0;Remy;Vinnie;SEASHELLS;8044.0;7
0;21389.0;Vinnie;Remy;SEASHELLS;8041.0;6
0;21413.0;Vinnie;Remy;SEASHELLS;8046.0;6
0;21413.0;Vinnie;Vladimir;SEASHELLS;8046.0;6
0;21423.0;Remy;Vinnie;SEASHELLS;8048.0;6
0;21432.0;Vinnie;Remy;SEASHELLS;8043.0;7
0;21461.0;Vinnie;Remy;SEASHELLS;8046.0;7
0;21471.0;Vinnie;Remy;SEASHELLS;8048.0;6
0;21478.0;Vinnie;Remy;SEASHELLS;8046.0;6
0;21497.0;Remy;Vinnie;SEASHELLS;8040.0;7
0;21505.0;Vinnie;Remy;SEASHELLS;8046.0;8
0;21508.0;Vinnie;Remy;SEASHELLS;8045.0;6
0;21514.0;Remy;Vinnie;SEASHELLS;8045.0;8
0;21521.0;Vinnie;Remy;SEASHELLS;8047.0;5
0;21526.0;Remy;Vinnie;SEASHELLS;8048.0;5
0;21530.0;Vinnie;Vladimir;SEASHELLS;8041.0;5
0;21531.0;Remy;Vinnie;SEASHELLS;8044.0;5
0;21541.0;Vinnie;Remy;SEASHELLS;8044.0;6
0;21543.0;Remy;Vinnie;SEASHELLS;8047.0;7
0;21548.0;Vinnie;Remy;SEASHELLS;8042.0;8
0;21557.0;Vinnie;Remy;SEASHELLS;8037.0;7
0;21565.0;Remy;Vinnie;SEASHELLS;8034.0;6
0;21567.0;Vinnie;Remy;SEASHELLS;8035.0;5
0;21572.0;Remy;Vinnie;SEASHELLS;8038.0;6
0;21579.0;Vinnie;Remy;SEASHELLS;8043.0;7
0;21586.0;Remy;Vinnie;SEASHELLS;8044.0;6
0;21591.0;Vinnie;Remy;SEASHELLS;8041.0;8
0;21612.0;Vinnie;Vladimir;SEASHELLS;8037.0;5
0;21617.0;Vinnie;Vladimir;SEASHELLS;8036.0;10
0;21641.0;Remy;Vinnie;SEASHELLS;8035.0;6
0;21644.0;Vinnie;Remy;SEASHELLS;8032.0;8
0;21682.0;Remy;Vinnie;SEASHELLS;8027.0;6
0;21683.0;Remy;Vinnie;SEASHELLS;8026.0;7
0;21684.0;Vinnie;Remy;SEASHELLS;8025.0;5
0;21699.0;Remy;Vinnie;SEASHELLS;8028.0;5
0;21700.0;Remy;Vinnie;SEASHELLS;8027.0;6
0;21713.0;Vinnie;Vladimir;SEASHELLS;8026.0;9
0;21717.0;Remy;Vinnie;SEASHELLS;8029.0;7
0;21728.0;Remy;Vinnie;SEASHELLS;8030.0;8
0;21738.0;Vinnie;Vladimir;SEASHELLS;8023.0;10
0;21740.0;Vinnie;Vladimir;SEASHELLS;8023.0;8
0;21745.0;Vinnie;Remy;SEASHELLS;8025.0;6
0;21791.0;Remy;Vinnie;SEASHELLS;8020.0;5
0;21802.0;Vinnie;Vladimir;SEASHELLS;8020.0;7
0;21804.0;Vinnie;Remy;SEASHELLS;8020.0;7
0;21814.0;Vinnie;Remy;SEASHELLS;8017.0;6
0;21820.0;Remy;Vinnie;SEASHELLS;8020.0;5
0;21830.0;Vinnie;Vladimir;SEASHELLS;8027.0;6
0;21837.0;Remy;Vinnie;SEASHELLS;8032.0;8
0;21842.0;Vinnie;Remy;SEASHELLS;8032.0;8
0;21858.0;Vinnie;Remy;SEASHELLS;8030.0;8
0;21927.0;Vinnie;Remy;SEASHELLS;8024.0;6
0;21950.0;Vinnie;Remy;SEASHELLS;8019.0;7
0;21961.0;Vinnie;Remy;SEASHELLS;8015.0;7
0;21972.0;Vinnie;Remy;SEASHELLS;8015.0;7
0;21977.0;Remy;Vinnie;SEASHELLS;8020.0;7
0;21986.0;Vinnie;Remy;SEASHELLS;8015.0;6
0;21999.0;Vinnie;Remy;SEASHELLS;8005.0;7
0;22003.0;Vinnie;Remy;SEASHELLS;8009.0;6
0;22027.0;Vinnie;Vladimir;SEASHELLS;8012.0;8
0;22031.0;Vinnie;Remy;SEASHELLS;8014.0;8
0;22035.0;Vinnie;Remy;SEASHELLS;8013.0;8
0;22044.0;Remy;Vinnie;SEASHELLS;8015.0;8
0;22046.0;Vinnie;Remy;SEASHELLS;8016.0;5
0;22055.0;Remy;Vinnie;SEASHELLS;8015.0;5
0;22062.0;Remy;Vinnie;SEASHELLS;8013.0;6
0;22071.0;Remy;Vinnie;SEASHELLS;8009.0;8
0;22072.0;Remy;Vinnie;SEASHELLS;8009.0;8
0;22082.0;Remy;Vinnie;SEASHELLS;8006.0;5
0;22093.0;Vinnie;Vladimir;SEASHELLS;7999.0;6
0;22122.0;Vinnie;Vladimir;SEASHELLS;7996.0;10
0;22125.0;Remy;Vinnie;SEASHELLS;7995.0;7
0;22126.0;Remy;Vinnie;SEASHELLS;7996.0;7
0;22136.0;Vinnie;Vladimir;SEASHELLS;7995.0;5
0;22169.0;Vinnie;Remy;SEASHELLS;7990.0;5
0;22175.0;Remy;Vinnie;SEASHELLS;7991.0;7
0;22180.0;Remy;Vinnie;SEASHELLS;7993.0;8
0;22204.0;Vinnie;Vladimir;SEASHELLS;7990.0;7
0;22207.0;Vinnie;Vladimir;SEASHELLS;7990.0;5
0;22209.0;Vinnie;Remy;SEASHELLS;7990.0;6
0;22219.0;Vinnie;Remy;SEASHELLS;7992.0;8
0;22237.0;Vinnie;Remy;SEASHELLS;7995.0;6
0;22248.0;Remy;Vinnie;SEASHELLS;7996.0;5
0;22251.0;Vinnie;Vladimir;SEASHELLS;7994.0;9
0;22263.0;Remy;Vinnie;SEASHELLS;7997.0;8
0;22267.0;Vinnie;Remy;SEASHELLS;7997.0;5
0;22286.0;Vinnie;Remy;SEASHELLS;8002.0;6
0;22320.0;Vinnie;Remy;SEASHELLS;7995.0;8
0;22322.0;Remy;Vinnie;SEASHELLS;7998.0;5
0;22330.0;Vinnie;Remy;SEASHELLS;7992.0;8
0;22383.0;Remy;Vinnie;SEASHELLS;7992.0;7
0;22391.0;Remy;Vinnie;SEASHELLS;7996.0;5
0;22393.0;Vinnie;Vladimir;SEASHELLS;7994.0;10
0;22406.0;Remy;Vinnie;SEASHELLS;7998.0;8
0;22441.0;Remy;Vinnie;SEASHELLS;7997.0;7
0;22445.0;Vinnie;Remy;SEASHELLS;7993.0;5
0;22460.0;Remy;Vinnie;SEASHELLS;7993.0;8
0;22495.0;Vinnie;Remy;SEASHELLS;7986.0;5
0;22503.0;Vinnie;Vladimir;SEASHELLS;7983.0;9
0;22506.0;Vinnie;Remy;SEASHELLS;7983.0;7
0;22528.0;Vinnie;Vladimir;SEASHELLS;7982.0;6
0;22532.0;Remy;Vinnie;SEASHELLS;7987.0;5
0;22536.0;Remy;Vinnie;SEASHELLS;7987.0;7
0;22554.0;Vinnie;Remy;SEASHELLS;7989.0;7
0;22565.0;Remy;Vinnie;SEASHELLS;7988.0;6
0;22570.0;Vinnie;Remy;SEASHELLS;7987.0;7
0;22572.0;Remy;Vinnie;SEASHELLS;7986.0;7
0;22573.0;Vinnie;Vladimir;SEASHELLS;7984.0;5
0;22576.0;Remy;Vinnie;SEASHELLS;7988.0;5
0;22595.0;Vinnie;Vladimir;SEASHELLS;7990.0;5
0;22630.0;Remy;Vinnie;SEASHELLS;7985.0;8
0;22634.0;Remy;Vinnie;SEASHELLS;7985.0;5
0;22642.0;Vinnie;Vladimir;SEASHELLS;7981.0;10
0;22643.0;Remy;Vinnie;SEASHELLS;7982.0;5
0;22657.0;Vinnie;Vladimir;SEASHELLS;7981.0;6
0;22665.0;Remy;Vinnie;SEASHELLS;7986.0;6
0;22671.0;Remy;Vinnie;SEASHELLS;7986.0;5
0;22679.0;Remy;Vinnie;SEASHELLS;7992.0;7
0;22682.0;Remy;Vinnie;SEASHELLS;7991.0;5
0;22683.0;Vinnie;Remy;SEASHELLS;7989.0;7
0;22686.0;Vinnie;Remy;SEASHELLS;7989.0;7
0;22692.0;Vinnie;Remy;SEASHELLS;7991.0;7
0;22703.0;Vinnie;Remy;SEASHELLS;7995.0;6
0;22709.0;Vinnie;Remy;SEASHELLS;7994.0;7
0;22711.0;Remy;Vinnie;SEASHELLS;7996.0;6
0;22712.0;Vinnie;Remy;SEASHELLS;7997.0;6
0;22715.0;Vinnie;Vladimir;SEASHELLS;7999.0;6
0;22717.0;Remy;Vinnie;SEASHELLS;8000.0;6
0;22719.0;Remy;Vinnie;SEASHELLS;7998.0;8
0;22731.0;Vinnie;Remy;SEASHELLS;7994.0;7
0;22735.0;Vinnie;Remy;SEASHELLS;7992.0;8
0;22754.0;Remy;Vinnie;SEASHELLS;7987.0;6
0;22760.0;Vinnie;Remy;SEASHELLS;7985.0;7
0;22775.0;Vinnie;Remy;SEASHELLS;7987.0;6
0;22783.0;Vinnie;Remy;SEASHELLS;7991.0;7
0;22785.0;Vinnie;Remy;SEASHELLS;7989.0;7
0;22818.0;Vinnie;Remy;SEASHELLS;7989.0;5
0;22828.0;Vinnie;Remy;SEASHELLS;7993.0;7
0;22858.0;Remy;Vinnie;SEASHELLS;8000.0;6
0;22868.0;Remy;Vinnie;SEASHELLS;7994.0;5
0;22879.0;Vinnie;Remy;SEASHELLS;7997.0;7
0;22890.0;Remy;Vinnie;SEASHELLS;7998.0;5
0;22893.0;Remy;Vinnie;SEASHELLS;7998.0;7
0;22931.0;Vinnie;Remy;SEASHELLS;7995.0;5
0;22959.0;Vinnie;Vladimir;SEASHELLS;7992.0;8
0;22966.0;Vinnie;Remy;SEASHELLS;7996.0;7
0;22976.0;Vinnie;Remy;SEASHELLS;8000.0;7
0;22982.0;Vinnie;Remy;SEASHELLS;8004.0;6
0;22989.0;Vinnie;Remy;SEASHELLS;8004.0;5
0;23006.0;Vinnie;Remy;SEASHELLS;8009.0;8
0;23011.0;Vinnie;Remy;SEASHELLS;8012.0;7
0;23017.0;Vinnie;Vladimir;SEASHELLS;8016.0;9
0;23031.0;Remy;Vinnie;SEASHELLS;8017.0;6
0;23035.0;Vinnie;Remy;SEASHELLS;8014.0;7
0;23049.0;Remy;Vinnie;SEASHELLS;8011.0;8
0;23063.0;Vinnie;Remy;SEASHELLS;8012.0;6
0;23071.0;Vinnie;Remy;SEASHELLS;8013.0;5
0;23088.0;Remy;Vinnie;SEASHELLS;8023.0;7
0;23098.0;Vinnie;Remy;SEASHELLS;8018.0;7
0;23112.0;Vinnie;Remy;SEASHELLS;8018.0;8
0;23113.0;Vinnie;Remy;SEASHELLS;8017.0;6
0;23115.0;Remy;Vinnie;SEASHELLS;8017.0;5
0;23123.0;Remy;Vinnie;SEASHELLS;8018.0;5
0;23129.0;Remy;Vinnie;SEASHELLS;8016.0;5
0;23138.0;Vinnie;Remy;SEASHELLS;8013.0;5
0;23144.0;Vinnie;Remy;SEASHELLS;8017.0;6
0;23154.0;Remy;Vinnie;SEASHELLS;8023.0;6
0;23159.0;Remy;Vinnie;SEASHELLS;8022.0;8
0;23160.0;Vinnie;Vladimir;SEASHELLS;8023.0;9
0;23177.0;Remy;Vinnie;SEASHELLS;8029.0;8
0;23180.0;Vinnie;Vladimir;SEASHELLS;8029.0;6
0;23185.0;Vinnie;Vladimir;SEASHELLS;8028.0;5
0;23192.0;Vinnie;Vladimir;SEASHELLS;8024.0;9
0;23202.0;Vinnie;Remy;SEASHELLS;8020.0;6
0;23204.0;Vinnie;Remy;SEASHELLS;8021.0;5
0;23206.0;Remy;Vinnie;SEASHELLS;8022.0;7
0;23207.0;Remy;Vinnie;SEASHELLS;8023.0;8
0;23216.0;Remy;Vinnie;SEASHELLS;8020.0;8
0;23226.0;Vinnie;Remy;SEASHELLS;8023.0;8
0;23231.0;Remy;Vinnie;SEASHELLS;8028.0;6
0;23248.0;Remy;Vinnie;SEASHELLS;8026.0;8
0;23263.0;Vinnie;Vladimir;SEASHELLS;8016.0;10
0;23272.0;Vinnie;Vladimir;SEASHELLS;8020.0;7
0;23280.0;Vinnie;Remy;SEASHELLS;8022.0;6
0;23287.0;Vinnie;Remy;SEASHELLS;8024.0;7
0;23290.0;Vinnie;Vladimir;SEASHELLS;8022.0;8
0;23314.0;Remy;Vinnie;SEASHELLS;8024.0;8
0;23317.0;Remy;Vinnie;SEASHELLS;8028.0;7
0;23330.0;Vinnie;Vladimir;SEASHELLS;8020.0;6
0;23338.0;Remy;Vinnie;SEASHELLS;8020.0;7
0;23341.0;Vinnie;Remy;SEASHELLS;8018.0;6
0;23345.0;Remy;Vinnie;SEASHELLS;8022.0;7
0;23347.0;Remy;Vinnie;SEASHELLS;8021.0;8
0;23362.0;Vinnie;Vladimir;SEASHELLS;8020.0;7
0;23382.0;Remy;Vinnie;SEASHELLS;8018.0;8
0;23389.0;Vinnie;Remy;SEASHELLS;8018.0;6
0;23398.0;Vinnie;Remy;SEASHELLS;8022.0;5
0;23401.0;Remy;Vladimir;SEASHELLS;8022.0;4
0;23405.0;Remy;Vinnie;SEASHELLS;8021.0;7
0;23419.0;Remy;Vinnie;SEASHELLS;8019.0;8
0;23425.0;Vinnie;Vladimir;SEASHELLS;8019.0;6
0;23448.0;Remy;Vinnie;SEASHELLS;8010.0;7
0;23449.0;Remy;Vinnie;SEASHELLS;8009.0;7
0;23458.0;Remy;Vinnie;SEASHELLS;8009.0;5
0;23459.0;Remy;Vinnie;SEASHELLS;8008.0;8
0;23463.0;Vinnie;Remy;SEASHELLS;8004.0;5
0;23482.0;Vinnie;Remy;SEASHELLS;8011.0;5
0;23502.0;Remy;Vinnie;SEASHELLS;8011.0;8
0;23504.0;Vinnie;Remy;SEASHELLS;8010.0;5
0;23573.0;Vinnie;Remy;SEASHELLS;8003.0;8
0;23575.0;Vinnie;Remy;SEASHELLS;8002.0;7
0;23594.0;Vinnie;Vladimir;SEASHELLS;7999.0;7
0;23600.0;Vinnie;Vladimir;SEASHELLS;8002.0;8
0;23601.0;Vinnie;Remy;SEASHELLS;8003.0;7
0;23606.0;Remy;Vinnie;SEASHELLS;8006.0;7
0;23620.0;Vinnie;Remy;SEASHELLS;8006.0;8
0;23626.0;Remy;Vinnie;SEASHELLS;8006.0;7
0;23647.0;Vinnie;Remy;SEASHELLS;8008.0;7
0;23660.0;Vinnie;Remy;SEASHELLS;8012.0;7
0;23662.0;Vinnie;Vladimir;SEASHELLS;8011.0;5
0;23675.0;Vinnie;Vladimir;SEASHELLS;8018.0;6
0;23683.0;Vinnie;Remy;SEASHELLS;8022.0;5
0;23687.0;Vinnie;Vladimir;SEASHELLS;8024.0;7
0;23737.0;Remy;Vinnie;SEASHELLS;8029.0;8
0;23749.0;Vinnie;Vladimir;SEASHELLS;8028.0;4
0;23752.0;Vinnie;Remy;SEASHELLS;8029.0;5
0;23762.0;Remy;Vinnie;SEASHELLS;8033.0;8
0;23776.0;Vinnie;Remy;SEASHELLS;8021.0;7
0;23784.0;Vinnie;Remy;SEASHELLS;8021.0;7
0;23786.0;Vinnie;Remy;SEASHELLS;8020.0;7
0;23822.0;Vinnie;Remy;SEASHELLS;8019.0;8
0;23840.0;Remy;Vinnie;SEASHELLS;8022.0;5
0;23856.0;Vinnie;Vladimir;SEASHELLS;8024.0;9
0;23858.0;Remy;Vinnie;SEASHELLS;8024.0;8
0;23859.0;Vinnie;Remy;SEASHELLS;8022.0;7
0;23877.0;Vinnie;Vladimir;SEASHELLS;8015.0;5
0;23880.0;Vinnie;Remy;SEASHELLS;8016.0;7
0;23893.0;Vinnie;Vladimir;SEASHELLS;8019.0;7
0;23901.0;Remy;Vinnie;SEASHELLS;8020.0;7
0;23903.0;Vinnie;Vladimir;SEASHELLS;8018.0;6
0;23934.0;Remy;Vinnie;SEASHELLS;8022.0;8
0;23954.0;Vinnie;Remy;SEASHELLS;8020.0;8
0;23956.0;Vinnie;Vladimir;SEASHELLS;8018.0;8
0;23967.0;Remy;Vinnie;SEASHELLS;8019.0;7
0;23999.0;Vinnie;Vladimir;SEASHELLS;8009.0;6
0;24002.0;Remy;Vinnie;SEASHELLS;8013.0;7
0;24029.0;Remy;Vinnie;SEASHELLS;8026.0;5
0;24031.0;Vinnie;Vladimir;SEASHELLS;8025.0;4
0;24040.0;Remy;Vinnie;SEASHELLS;8025.0;8
0;24055.0;Vinnie;Vladimir;SEASHELLS;8017.0;6
0;24060.0;Vinnie;Vladimir;SEASHELLS;8015.0;9
0;24063.0;Vinnie;Remy;SEASHELLS;8017.0;6
0;24066.0;Remy;Vinnie;SEASHELLS;8019.0;6
0;24074.0;Vinnie;Remy;SEASHELLS;8011.0;8
0;24075.0;Vinnie;Vladimir;SEASHELLS;8011.0;6
0;24076.0;Remy;Vinnie;SEASHELLS;8011.0;7
0;24085.0;Vinnie;Remy;SEASHELLS;8010.0;7
0;24088.0;Vinnie;Vladimir;SEASHELLS;8009.0;10
0;24092.0;Vinnie;Remy;SEASHELLS;8008.0;7
0;24095.0;Vinnie;Remy;SEASHELLS;8008.0;5
0;24120.0;Vinnie;Remy;SEASHELLS;8006.0;6
0;24135.0;Vinnie;Remy;SEASHELLS;8008.0;8
0;24150.0;Vinnie;Vladimir;SEASHELLS;8010.0;6
0;24158.0;Remy;Vinnie;SEASHELLS;8009.0;6
0;24159.0;Remy;Vinnie;SEASHELLS;8010.0;8
0;24163.0;Vinnie;Remy;SEASHELLS;8009.0;7
0;24198.0;Vinnie;Remy;SEASHELLS;8027.0;6
0;24204.0;Vinnie;Remy;SEASHELLS;8028.0;5
0;24206.0;Vinnie;Remy;SEASHELLS;8028.0;7
0;24208.0;Vinnie;Vladimir;SEASHELLS;8025.0;5
0;24221.0;Remy;Vinnie;SEASHELLS;8031.0;7
0;24226.0;Vinnie;Remy;SEASHELLS;8033.0;8
0;24240.0;Vinnie;Remy;SEASHELLS;8035.0;7
0;24242.0;Vinnie;Remy;SEASHELLS;8034.0;7
0;24246.0;Vinnie;Remy;SEASHELLS;8036.0;5
0;24263.0;Vinnie;Remy;SEASHELLS;8031.0;8
0;24264.0;Vinnie;Vladimir;SEASHELLS;8031.0;7
0;24273.0;Vinnie;Vladimir;SEASHELLS;8028.0;7
0;24282.0;Vinnie;Vladimir;SEASHELLS;8031.0;10
0;24283.0;Remy;Vinnie;SEASHELLS;8031.0;8
0;24306.0;Vinnie;Remy;SEASHELLS;8028.0;5
0;24316.0;Vinnie;Vladimir;SEASHELLS;8033.0;8
0;24327.0;Vinnie;Remy;SEASHELLS;8035.0;5
0;24337.0;Vinnie;Vladimir;SEASHELLS;8038.0;6
0;24350.0;Remy;Vinnie;SEASHELLS;8041.0;6
0;24393.0;Vinnie;Remy;SEASHELLS;8043.0;7
0;24403.0;Vinnie;Remy;SEASHELLS;8043.0;8
0;24418.0;Vinnie;Remy;SEASHELLS;8041.0;5
0;24424.0;Vinnie;Remy;SEASHELLS;8041.0;6
0;24431.0;Vinnie;Remy;SEASHELLS;8037.0;7
0;24444.0;Vinnie;Vladimir;SEASHELLS;8039.0;9
0;24467.0;Remy;Vinnie;SEASHELLS;8056.0;8
0;24473.0;Vinnie;Remy;SEASHELLS;8058.0;6
0;24474.0;Vinnie;Remy;SEASHELLS;8055.0;6
0;24479.0;Vinnie;Remy;SEASHELLS;8058.0;7
0;24484.0;Remy;Vinnie;SEASHELLS;8061.0;8
0;24489.0;Remy;Vinnie;SEASHELLS;8059.0;5
0;24500.0;Remy;Vinnie;SEASHELLS;8054.0;8
0;24505.0;Vinnie;Remy;SEASHELLS;8053.0;8
0;24506.0;Remy;Vinnie;SEASHELLS;8054.0;8
0;24514.0;Remy;Vinnie;SEASHELLS;8053.0;8
0;24521.0;Remy;Vinnie;SEASHELLS;8054.0;5
0;24527.0;Vinnie;Remy;SEASHELLS;8054.0;5
0;24530.0;Vinnie;Remy;SEASHELLS;8057.0;7
0;24533.0;Vinnie;Vladimir;SEASHELLS;8054.0;5
0;24544.0;Vinnie;Remy;SEASHELLS;8049.0;7
0;24547.0;Vinnie;Vladimir;SEASHELLS;8047.0;4
0;24563.0;Remy;Vinnie;SEASHELLS;8045.0;8
0;24568.0;Vinnie;Remy;SEASHELLS;8048.0;8
0;24570.0;Vinnie;Remy;SEASHELLS;8047.0;8
0;24581.0;Vinnie;Remy;SEASHELLS;8040.0;7
0;24600.0;Vinnie;Remy;SEASHELLS;8038.0;5
0;24601.0;Remy;Vinnie;SEASHELLS;8039.0;6
0;24606.0;Vinnie;Vladimir;SEASHELLS;8037.0;7
0;24609.0;Vinnie;Remy;SEASHELLS;8034.0;8
0;24616.0;Vinnie;Remy;SEASHELLS;8038.0;5
0;24619.0;Vinnie;Remy;SEASHELLS;8035.0;8
0;24621.0;Vinnie;Vladimir;SEASHELLS;8035.0;9
0;24626.0;Remy;Vinnie;SEASHELLS;8037.0;5
0;24641.0;Remy;Vinnie;SEASHELLS;8032.0;5
0;24643.0;Vinnie;Vladimir;SEASHELLS;8033.0;4
0;24651.0;Remy;Vinnie;SEASHELLS;8026.0;7
0;24653.0;Remy;Vinnie;SEASHELLS;8026.0;5
0;24662.0;Vinnie;Remy;SEASHELLS;8028.0;7
0;24663.0;Vinnie;Remy;SEASHELLS;8029.0;5
0;24685.0;Remy;Vinnie;SEASHELLS;8031.0;8
0;24711.0;Vinnie;Remy;SEASHELLS;8028.0;7
0;24715.0;Vinnie;Remy;SEASHELLS;8030.0;5
0;24721.0;Remy;Vinnie;SEASHELLS;8033.0;6
0;24728.0;Remy;Vinnie;SEASHELLS;8031.0;8
0;24744.0;Vinnie;Remy;SEASHELLS;8029.0;5
0;24746.0;Vinnie;Remy;SEASHELLS;8030.0;7
0;24759.0;Remy;Vinnie;SEASHELLS;8024.0;5
0;24760.0;Vinnie;Remy;SEASHELLS;8023.0;7
0;24762.0;Remy;Vinnie;SEASHELLS;8024.0;7
0;24766.0;Remy;Vinnie;SEASHELLS;8026.0;8
0;24769.0;Remy;Vinnie;SEASHELLS;8026.0;6
0;24777.0;Remy;Vinnie;SEASHELLS;8027.0;5
0;24779.0;Vinnie;Remy;SEASHELLS;8027.0;8
0;24780.0;Vinnie;Remy;SEASHELLS;8026.0;6
0;24806.0;Remy;Vinnie;SEASHELLS;8019.0;6
0;24814.0;Vinnie;Remy;SEASHELLS;8020.0;6
0;24817.0;Vinnie;Vladimir;SEASHELLS;8022.0;10
0;24819.0;Vinnie;Vladimir;SEASHELLS;8024.0;4
0;24829.0;Vinnie;Vladimir;SEASHELLS;8026.0;8
0;24833.0;Vinnie;Remy;SEASHELLS;8022.0;5
0;24836.0;Remy;Vinnie;SEASHELLS;8021.0;7
0;24845.0;Vinnie;Vladimir;SEASHELLS;8019.0;6
0;24853.0;Vinnie;Remy;SEASHELLS;8024.0;7
0;24859.0;Remy;Vinnie;SEASHELLS;8028.0;6
0;24885.0;Vinnie;Remy;SEASHELLS;8026.0;8
0;24927.0;Vinnie;Remy;SEASHELLS;8027.0;8
0;24942.0;Remy;Vinnie;SEASHELLS;8028.0;6
0;24947.0;Vinnie;Remy;SEASHELLS;8022.0;7
0;24962.0;Vinnie;Remy;SEASHELLS;8021.0;7
0;24972.0;Vinnie;Remy;SEASHELLS;8016.0;7
0;24978.0;Remy;Vinnie;SEASHELLS;8017.0;8
0;24983.0;Remy;Vinnie;SEASHELLS;8016.0;5
0;24992.0;Remy;Vinnie;SEASHELLS;8012.0;6
0;25004.0;Vinnie;Vladimir;SEASHELLS;8010.0;5
0;25011.0;Vinnie;Remy;SEASHELLS;8011.0;5
0;25015.0;Vinnie;Remy;SEASHELLS;8011.0;8
0;25024.0;Remy;Vinnie;SEASHELLS;8007.0;7
0;25037.0;Vinnie;Remy;SEASHELLS;7999.0;5
0;25046.0;Remy;Vinnie;SEASHELLS;8002.0;6
0;25054.0;Vinnie;Remy;SEASHELLS;8001.0;8
0;25065.0;Remy;Vinnie;SEASHELLS;8002.0;6
0;25066.0;Vinnie;Remy;SEASHELLS;7999.0;7
0;25071.0;Vinnie;Remy;SEASHELLS;7998.0;8
0;25073.0;Vinnie;Vladimir;SEASHELLS;7998.0;8
0;25085.0;Remy;Vinnie;SEASHELLS;7997.0;8
0;25096.0;Vinnie;Remy;SEASHELLS;7994.0;6
0;25117.0;Vinnie;Remy;SEASHELLS;7999.0;6
0;25134.0;Vinnie;Remy;SEASHELLS;7996.0;5
0;25139.0;Remy;Vinnie;SEASHELLS;7994.0;7
0;25184.0;Remy;Vinnie;SEASHELLS;7990.0;7
0;25209.0;Vinnie;Remy;SEASHELLS;7996.0;7
0;25212.0;Remy;Vinnie;SEASHELLS;7999.0;8
0;25229.0;Remy;Vinnie;SEASHELLS;7998.0;6
0;25231.0;Remy;Vinnie;SEASHELLS;7997.0;8
0;25233.0;Vinnie;Vladimir;SEASHELLS;7998.0;7
0;25256.0;Vinnie;Remy;SEASHELLS;8004.0;8
0;25270.0;Vinnie;Remy;SEASHELLS;8004.0;5
0;25275.0;Vinnie;Remy;SEASHELLS;8006.0;5
0;25283.0;Vinnie;Vladimir;SEASHELLS;8006.0;9
0;25296.0;Vinnie;Remy;SEASHELLS;8011.0;8
0;25323.0;Remy;Vinnie;SEASHELLS;8010.0;5
0;25324.0;Vinnie;Remy;SEASHELLS;8009.0;8
0;25337.0;Vinnie;Vladimir;SEASHELLS;8012.0;4
0;25341.0;Remy;Vinnie;SEASHELLS;8012.0;5
0;25346.0;Vinnie;Remy;SEASHELLS;8013.0;6
0;25358.0;Vinnie;Vladimir;SEASHELLS;8013.0;9
0;25363.0;Remy;Vinnie;SEASHELLS;8010.0;8
0;25364.0;Remy;Vinnie;SEASHELLS;8011.0;6
0;25379.0;Vinnie;Vladimir;SEASHELLS;8013.0;10
0;25379.0;Vinnie;Remy;SEASHELLS;8013.0;8
0;25391.0;Remy;Vinnie;SEASHELLS;8011.0;6
0;25392.0;Remy;Vinnie;SEASHELLS;8011.0;8
0;25392.0;Vinnie;Vladimir;SEASHELLS;8009.0;9
0;25394.0;Vinnie;Remy;SEASHELLS;8008.0;7
0;25399.0;Vinnie;Remy;SEASHELLS;8009.0;8
0;25400.0;Remy;Vinnie;SEASHELLS;8010.0;6
0;25404.0;Remy;Vinnie;SEASHELLS;8008.0;7
0;25417.0;Vinnie;Remy;SEASHELLS;8011.0;8
0;25420.0;Vinnie;Remy;SEASHELLS;8010.0;6
0;25421.0;Vinnie;Vladimir;SEASHELLS;8010.0;10
0;25421.0;Remy;Vinnie;SEASHELLS;8011.0;5
0;25433.0;Vinnie;Remy;SEASHELLS;8013.0;5
0;25434.0;Vinnie;Remy;SEASHELLS;8013.0;5
0;25437.0;Remy;Vinnie;SEASHELLS;8013.0;8
0;25458.0;Remy;Vinnie;SEASHELLS;8014.0;7
0;25474.0;Vinnie;Remy;SEASHELLS;8010.0;6
0;25477.0;Vinnie;Remy;SEASHELLS;8012.0;5
0;25486.0;Remy;Vinnie;SEASHELLS;8009.0;5
0;25487.0;Remy;Vinnie;SEASHELLS;8010.0;5
0;25491.0;Remy;Vinnie;SEASHELLS;8012.0;7
0;25503.0;Remy;Vinnie;SEASHELLS;8013.0;8
0;25506.0;Remy;Vinnie;SEASHELLS;8013.0;6
0;25527.0;Vinnie;Vladimir;SEASHELLS;8018.0;6
0;25530.0;Vinnie;Vladimir;SEASHELLS;8017.0;6
0;25532.0;Vinnie;Remy;SEASHELLS;8018.0;7
0;25535.0;Vinnie;Remy;SEASHELLS;8018.0;7
0;25554.0;Remy;Vinnie;SEASHELLS;8022.0;5
0;25557.0;Vinnie;Remy;SEASHELLS;8020.0;5
0;25572.0;Vinnie;Remy;SEASHELLS;8021.0;8
0;25594.0;Vinnie;Remy;SEASHELLS;8017.0;7
0;25597.0;Vinnie;Vladimir;SEASHELLS;8018.0;8
0;25641.0;Vinnie;Remy;SEASHELLS;8016.0;8
0;25648.0;Remy;Vinnie;SEASHELLS;8015.0;6
0;25657.0;Remy;Vinnie;SEASHELLS;8016.0;7
0;25657.0;Vinnie;Vladimir;SEASHELLS;8014.0;9
0;25658.0;Remy;Vinnie;SEASHELLS;8015.0;8
0;25683.0;Vinnie;Vladimir;SEASHELLS;8026.0;7
0;25697.0;Vinnie;Remy;SEASHELLS;8020.0;5
0;25701.0;Vinnie;Remy;SEASHELLS;8022.0;6
0;25704.0;Vinnie;Remy;SEASHELLS;8022.0;5
0;25716.0;Vinnie;Remy;SEASHELLS;8025.0;7
0;25731.0;Remy;Vinnie;SEASHELLS;8019.0;7
0;25732.0;Remy;Vinnie;SEASHELLS;8020.0;8
0;25739.0;Vinnie;Remy;SEASHELLS;8023.0;7
0;25740.0;Vinnie;Vladimir;SEASHELLS;8025.0;10
0;25762.0;Vinnie;Vladimir;SEASHELLS;8021.0;4
0;25770.0;Vinnie;Vladimir;SEASHELLS;8023.0;8
0;25776.0;Vinnie;Vladimir;SEASHELLS;8023.0;5
0;25777.0;Remy;Vinnie;SEASHELLS;8024.0;7
0;25781.0;Vinnie;Remy;SEASHELLS;8025.0;7
0;25790.0;Remy;Vinnie;SEASHELLS;8022.0;8
0;25795.0;Remy;Vinnie;SEASHELLS;8022.0;8
0;25800.0;Remy;Vinnie;SEASHELLS;8019.0;5
0;25805.0;Remy;Vinnie;SEASHELLS;8021.0;6
0;25834.0;Vinnie;Remy;SEASHELLS;8013.0;8
0;25838.0;Remy;Vinnie;SEASHELLS;8013.0;5
0;25844.0;Vinnie;Vladimir;SEASHELLS;8012.0;7
0;25852.0;Vinnie;Vladimir;SEASHELLS;8008.0;5
0;25853.0;Vinnie;Remy;SEASHELLS;8009.0;6
0;25886.0;Remy;Vinnie;SEASHELLS;8012.0;6
0;25895.0;Vinnie;Vladimir;SEASHELLS;8008.0;8
0;25916.0;Vinnie;Remy;SEASHELLS;8008.0;5
0;25925.0;Vinnie;Remy;SEASHELLS;8009.0;8
0;25934.0;Vinnie;Remy;SEASHELLS;8010.0;8
0;25935.0;Vinnie;Vladimir;SEASHELLS;8010.0;5
0;25948.0;Remy;Vinnie;SEASHELLS;8007.0;7
0;25950.0;Vinnie;Remy;SEASHELLS;8004.0;8
0;25955.0;Vinnie;Remy;SEASHELLS;8006.0;7
0;25957.0;Vinnie;Remy;SEASHELLS;8007.0;6
0;25964.0;Remy;Vinnie;SEASHELLS;8005.0;5
0;25968.0;Remy;Vinnie;SEASHELLS;8000.0;5
0;25971.0;Vinnie;Remy;SEASHELLS;8001.0;5
0;25977.0;Vinnie;Remy;SEASHELLS;8003.0;6
0;25985.0;Remy;Vinnie;SEASHELLS;7996.0;6
0;25988.0;Vladimir;Remy;SEASHELLS;7996.0;6
0;26021.0;Vinnie;Remy;SEASHELLS;8007.0;8
0;26023.0;Vinnie;Vladimir;SEASHELLS;8005.0;5
0;26028.0;Vinnie;Remy;SEASHELLS;8007.0;5
0;26038.0;Vinnie;Remy;SEASHELLS;8007.0;7
0;26042.0;Vinnie;Vladimir;SEASHELLS;8005.0;6
0;26044.0;Vinnie;Remy;SEASHELLS;8007.0;5
0;26053.0;Vinnie;Remy;SEASHELLS;8003.0;7
0;26054.0;Remy;Vinnie;SEASHELLS;8005.0;6
0;26055.0;Vinnie;Remy;SEASHELLS;8003.0;6
0;26065.0;Vinnie;Remy;SEASHELLS;8003.0;8
0;26075.0;Vinnie;Vladimir;SEASHELLS;8004.0;4
0;26083.0;Vinnie;Vladimir;SEASHELLS;8002.0;7
0;26122.0;Remy;Vinnie;SEASHELLS;8004.0;6
0;26127.0;Vinnie;Remy;SEASHELLS;8005.0;7
0;26128.0;Vinnie;Remy;SEASHELLS;8003.0;5
0;26132.0;Vinnie;Remy;SEASHELLS;8006.0;5
0;26141.0;Vinnie;Vladimir;SEASHELLS;8003.0;10
0;26144.0;Remy;Vinnie;SEASHELLS;8003.0;7
0;26170.0;Remy;Vinnie;SEASHELLS;8002.0;5
0;26230.0;Vinnie;Remy;SEASHELLS;7998.0;7
0;26233.0;Vinnie;Vladimir;SEASHELLS;7997.0;8
0;26255.0;Remy;Vinnie;SEASHELLS;8000.0;8
0;26256.0;Vinnie;Remy;SEASHELLS;8000.0;8
0;26260.0;Vinnie;Remy;SEASHELLS;8000.0;8
0;26269.0;Vinnie;Vladimir;SEASHELLS;8001.0;10
0;26317.0;Vinnie;Remy;SEASHELLS;7996.0;5
0;26322.0;Vinnie;Vladimir;SEASHELLS;7996.0;8
0;26324.0;Vinnie;Remy;SEASHELLS;7995.0;5
0;26338.0;Vinnie;Remy;SEASHELLS;7991.0;6
0;26353.0;Remy;Vinnie;SEASHELLS;7995.0;6
0;26358.0;Remy;Vinnie;SEASHELLS;7993.0;7
0;26363.0;Vinnie;Remy;SEASHELLS;7992.0;5
0;26386.0;Vinnie;Vladimir;SEASHELLS;7985.0;4
0;26389.0;Remy;Vinnie;SEASHELLS;7989.0;7
0;26400.0;Vinnie;Remy;SEASHELLS;7990.0;6
0;26401.0;Vinnie;Remy;SEASHELLS;7990.0;6
0;26405.0;Vinnie;Remy;SEASHELLS;7989.0;6
0;26432.0;Remy;Vinnie;SEASHELLS;7990.0;8
0;26438.0;Vinnie;Remy;SEASHELLS;7990.0;8
0;26443.0;Vinnie;Remy;SEASHELLS;7993.0;7
0;26476.0;Vinnie;Remy;SEASHELLS;7990.0;5
0;26480.0;Vinnie;Remy;SEASHELLS;7991.0;5
0;26488.0;Vinnie;Remy;SEASHELLS;7995.0;5
0;26491.0;Vinnie;Remy;SEASHELLS;7992.0;6
0;26500.0;Vinnie;Vladimir;SEASHELLS;7995.0;6
0;26502.0;Remy;Vinnie;SEASHELLS;7997.0;8
0;26511.0;Vinnie;Vladimir;SEASHELLS;7994.0;10
0;26521.0;Vinnie;Remy;SEASHELLS;7996.0;6
0;26522.0;Remy;Vinnie;SEASHELLS;7996.0;5
0;26530.0;Remy;Vinnie;SEASHELLS;7993.0;8
0;26531.0;Remy;Vinnie;SEASHELLS;7993.0;6
0;26532.0;Vinnie;Remy;SEASHELLS;7992.0;8
0;26566.0;Vinnie;Remy;SEASHELLS;7992.0;5
0;26570.0;Remy;Vinnie;SEASHELLS;7992.0;8
0;26607.0;Vinnie;Remy;SEASHELLS;7996.0;5
0;26618.0;Vinnie;Remy;SEASHELLS;7997.0;6
0;26630.0;Remy;Vinnie;SEASHELLS;7998.0;8
0;26638.0;Vinnie;Remy;SEASHELLS;7995.0;6
0;26658.0;Vinnie;Remy;SEASHELLS;8002.0;7
0;26671.0;Vinnie;Vladimir;SEASHELLS;7998.0;7
0;26674.0;Vinnie;Vladimir;SEASHELLS;7997.0;5
0;26678.0;Vinnie;Remy;SEASHELLS;7999.0;5
0;26692.0;Remy;Vinnie;SEASHELLS;8002.0;5
0;26697.0;Vinnie;Remy;SEASHELLS;8001.0;5
0;26700.0;Vinnie;Vladimir;SEASHELLS;8002.0;10
0;26722.0;Remy;Vinnie;SEASHELLS;8005.0;8
0;26723.0;Vinnie;Remy;SEASHELLS;8004.0;5
0;26724.0;Remy;Vinnie;SEASHELLS;8006.0;5
0;26731.0;Remy;Vinnie;SEASHELLS;8000.0;7
0;26735.0;Vinnie;Vladimir;SEASHELLS;7999.0;7
0;26746.0;Vinnie;Remy;SEASHELLS;7999.0;5
0;26747.0;Remy;Vinnie;SEASHELLS;7999.0;5
0;26761.0;Vinnie;Vladimir;SEASHELLS;8003.0;4
0;26798.0;Vinnie;Vladimir;SEASHELLS;7990.0;5
0;26808.0;Vinnie;Remy;SEASHELLS;7991.0;5
0;26809.0;Remy;Vinnie;SEASHELLS;7993.0;7
0;26814.0;Remy;Vinnie;SEASHELLS;7996.0;5
0;26818.0;Remy;Vinnie;SEASHELLS;7994.0;5
0;26830.0;Vinnie;Remy;SEASHELLS;7990.0;7
0;26834.0;Vinnie;Vladimir;SEASHELLS;7988.0;5
0;26837.0;Remy;Vinnie;SEASHELLS;7988.0;8
0;26849.0;Remy;Vinnie;SEASHELLS;7988.0;6
0;26851.0;Vinnie;Vladimir;SEASHELLS;7989.0;6
0;26858.0;Vinnie;Remy;SEASHELLS;7985.0;6
0;26886.0;Remy;Vinnie;SEASHELLS;7994.0;8
0;26888.0;Remy;Vinnie;SEASHELLS;7994.0;7
0;26921.0;Vinnie;Remy;SEASHELLS;7999.0;7
0;26935.0;Remy;Vinnie;SEASHELLS;8000.0;8
0;26959.0;Remy;Vinnie;SEASHELLS;8005.0;8
0;26970.0;Remy;Vinnie;SEASHELLS;8007.0;5
0;26974.0;Vinnie;Remy;SEASHELLS;8001.0;8
0;26975.0;Vinnie;Vladimir;SEASHELLS;8002.0;5
0;26986.0;Remy;Vinnie;SEASHELLS;8006.0;8
0;26986.0;Vinnie;Vladimir;SEASHELLS;8005.0;7
0;26997.0;Vinnie;Vladimir;SEASHELLS;8005.0;6
0;26999.0;Vinnie;Remy;SEASHELLS;8005.0;7
0;27015.0;Remy;Vinnie;SEASHELLS;8004.0;6
0;27018.0;Remy;Vinnie;SEASHELLS;8007.0;7
0;27035.0;Remy;Vinnie;SEASHELLS;8010.0;5
0;27058.0;Vinnie;Remy;SEASHELLS;7999.0;5
0;27063.0;Vinnie;Vladimir;SEASHELLS;8002.0;9
0;27068.0;Vinnie;Vladimir;SEASHELLS;8001.0;4
0;27072.0;Vinnie;Remy;SEASHELLS;8003.0;6
0;27076.0;Remy;Vinnie;SEASHELLS;8004.0;5
0;27082.0;Vinnie;Remy;SEASHELLS;8001.0;6
0;27082.0;Vinnie;Vladimir;SEASHELLS;8001.0;7
0;27083.0;Remy;Vinnie;SEASHELLS;8002.0;8
0;27089.0;Vinnie;Remy;SEASHELLS;8003.0;7
0;27097.0;Remy;Vinnie;SEASHELLS;8003.0;6
0;27109.0;Vinnie;Remy;SEASHELLS;7998.0;7
0;27117.0;Remy;Vinnie;SEASHELLS;8003.0;8
0;27123.0;Vinnie;Vladimir;SEASHELLS;8006.0;6
0;27154.0;Remy;Vinnie;SEASHELLS;8012.0;5
0;27155.0;Remy;Vinnie;SEASHELLS;8011.0;6
0;27173.0;Remy;Vinnie;SEASHELLS;8014.0;5
0;27199.0;Vinnie;Remy;SEASHELLS;8011.0;7
0;27202.0;Vinnie;Remy;SEASHELLS;8012.0;5
0;27212.0;Remy;Vinnie;SEASHELLS;8021.0;7
0;27219.0;Vinnie;Remy;SEASHELLS;8020.0;7
0;27253.0;Remy;Vinnie;SEASHELLS;8019.0;8
0;27282.0;Vinnie;Vladimir;SEASHELLS;8024.0;8
0;27291.0;Vinnie;Remy;SEASHELLS;8025.0;8
0;27292.0;Remy;Vinnie;SEASHELLS;8027.0;7
0;27324.0;Vinnie;Remy;SEASHELLS;8025.0;6
0;27339.0;Remy;Vinnie;SEASHELLS;8034.0;5
0;27342.0;Vinnie;Remy;SEASHELLS;8032.0;6
0;27345.0;Remy;Vinnie;SEASHELLS;8034.0;8
0;27350.0;Vinnie;Remy;SEASHELLS;8034.0;8
0;27364.0;Remy;Vinnie;SEASHELLS;8039.0;8
0;27367.0;Remy;Vinnie;SEASHELLS;8038.0;6
0;27372.0;Vinnie;Vladimir;SEASHELLS;8037.0;7
0;27376.0;Vinnie;Remy;SEASHELLS;8034.0;8
0;27392.0;Remy;Vinnie;SEASHELLS;8036.0;7
0;27417.0;Remy;Vinnie;SEASHELLS;8036.0;8
0;27429.0;Remy;Vinnie;SEASHELLS;8037.0;5
0;27429.0;Vinnie;Vladimir;SEASHELLS;8036.0;6
0;27457.0;Remy;Vinnie;SEASHELLS;8043.0;6
0;27471.0;Vinnie;Remy;SEASHELLS;8047.0;8
0;27501.0;Vinnie;Vladimir;SEASHELLS;8047.0;9
0;27539.0;Vinnie;Remy;SEASHELLS;8054.0;7
0;27540.0;Remy;Vinnie;SEASHELLS;8056.0;5
0;27555.0;Remy;Vinnie;SEASHELLS;8058.0;6
0;27563.0;Vinnie;Vladimir;SEASHELLS;8055.0;8
0;27571.0;Vinnie;Remy;SEASHELLS;8050.0;5
0;27574.0;Remy;Vinnie;SEASHELLS;8050.0;5
0;27595.0;Vinnie;Vladimir;SEASHELLS;8039.0;5
0;27609.0;Remy;Vinnie;SEASHELLS;8045.0;8
0;27643.0;Vinnie;Vladimir;SEASHELLS;8048.0;10
0;27668.0;Vinnie;Remy;SEASHELLS;8046.0;6
0;27678.0;Vinnie;Vladimir;SEASHELLS;8042.0;10
0;27689.0;Vinnie;Remy;SEASHELLS;8044.0;8
0;27703.0;Vinnie;Remy;SEASHELLS;8044.0;5
0;27712.0;Vinnie;Remy;SEASHELLS;8049.0;5
0;27730.0;Remy;Vinnie;SEASHELLS;8048.0;7
0;27742.0;Remy;Vinnie;SEASHELLS;8047.0;8
0;27748.0;Remy;Vinnie;SEASHELLS;8049.0;8
0;27782.0;Vinnie;Remy;SEASHELLS;8041.0;5
0;27784.0;Vinnie;Remy;SEASHELLS;8039.0;5
0;27785.0;Vinnie;Vladimir;SEASHELLS;8040.0;8
0;27785.0;Remy;Vinnie;SEASHELLS;8041.0;6
0;27796.0;Remy;Vinnie;SEASHELLS;8044.0;8
0;27799.0;Vinnie;Remy;SEASHELLS;8042.0;5
0;27804.0;Remy;Vinnie;SEASHELLS;8044.0;8
0;27806.0;Vinnie;Remy;SEASHELLS;8044.0;8
0;27824.0;Remy;Vinnie;SEASHELLS;8038.0;6
0;27833.0;Remy;Vinnie;SEASHELLS;8038.0;6
0;27841.0;Remy;Vinnie;SEASHELLS;8034.0;8
0;27846.0;Remy;Vinnie;SEASHELLS;8030.0;8
0;27852.0;Remy;Vinnie;SEASHELLS;8030.0;7
0;27853.0;Vinnie;Vladimir;SEASHELLS;8030.0;10
0;27870.0;Vinnie;Remy;SEASHELLS;8027.0;7
0;27871.0;Vinnie;Vladimir;SEASHELLS;8027.0;7
0;27892.0;Vinnie;Remy;SEASHELLS;8023.0;6
0;27904.0;Remy;Vinnie;SEASHELLS;8021.0;8
0;27923.0;Remy;Vinnie;SEASHELLS;8023.0;6
0;27927.0;Vinnie;Remy;SEASHELLS;8024.0;6
0;27940.0;Vinnie;Remy;SEASHELLS;8025.0;8
0;27946.0;Remy;Vinnie;SEASHELLS;8028.0;6
0;27950.0;Vinnie;Vladimir;SEASHELLS;8022.0;5
0;27959.0;Vinnie;Vladimir;SEASHELLS;8024.0;8
0;27960.0;Vinnie;Remy;SEASHELLS;8025.0;7
0;27964.0;Vinnie;Vladimir;SEASHELLS;8026.0;5
0;27978.0;Vinnie;Remy;SEASHELLS;8029.0;7
0;27994.0;Remy;Vinnie;SEASHELLS;8024.0;7
0;27998.0;Vinnie;Remy;SEASHELLS;8020.0;7
0;28010.0;Vinnie;Remy;SEASHELLS;8025.0;8
0;28028.0;Vinnie;Remy;SEASHELLS;8022.0;6
0;28037.0;Vinnie;Vladimir;SEASHELLS;8027.0;5
0;28047.0;Vinnie;Remy;SEASHELLS;8025.0;6
0;28060.0;Vinnie;Remy;SEASHELLS;8027.0;8
0;28109.0;Vinnie;Vladimir;SEASHELLS;8044.0;10
0;28112.0;Remy;Vinnie;SEASHELLS;8043.0;6
0;28161.0;Vinnie;Remy;SEASHELLS;8037.0;8
0;28170.0;Vinnie;Remy;SEASHELLS;8033.0;8
0;28183.0;Vinnie;Remy;SEASHELLS;8026.0;7
0;28191.0;Vinnie;Remy;SEASHELLS;8027.0;8
0;28200.0;Vinnie;Remy;SEASHELLS;8022.0;6
0;28217.0;Remy;Vinnie;SEASHELLS;8030.0;6
0;28218.0;Vinnie;Remy;SEASHELLS;8029.0;8
0;28219.0;Remy;Vinnie;SEASHELLS;8031.0;7
0;28224.0;Remy;Vinnie;SEASHELLS;8032.0;5
0;28225.0;Remy;Vinnie;SEASHELLS;8032.0;7
0;28229.0;Vinnie;Vladimir;SEASHELLS;8036.0;9
0;28248.0;Vinnie;Remy;SEASHELLS;8034.0;5
0;28261.0;Remy;Vinnie;SEASHELLS;8028.0;8
0;28274.0;Vinnie;Remy;SEASHELLS;8031.0;6
0;28285.0;Vinnie;Remy;SEASHELLS;8036.0;8
0;28286.0;Remy;Vinnie;SEASHELLS;8039.0;8
0;28301.0;Vinnie;Remy;SEASHELLS;8038.0;6
0;28304.0;Remy;Vinnie;SEASHELLS;8038.0;8
0;28308.0;Remy;Vinnie;SEASHELLS;8039.0;5
0;28323.0;Vinnie;Remy;SEASHELLS;8041.0;6
0;28366.0;Vinnie;Remy;SEASHELLS;8046.0;7
0;28377.0;Vinnie;Vladimir;SEASHELLS;8050.0;4
0;28391.0;Remy;Vinnie;SEASHELLS;8044.0;8
0;28408.0;Remy;Vinnie;SEASHELLS;8043.0;7
0;28410.0;Vinnie;Vladimir;SEASHELLS;8043.0;7
0;28423.0;Vinnie;Remy;SEASHELLS;8044.0;8
0;28436.0;Remy;Vinnie;SEASHELLS;8040.0;5
0;28458.0;Vinnie;Remy;SEASHELLS;8035.0;7
0;28470.0;Vinnie;Vladimir;SEASHELLS;8025.0;4
0;28480.0;Vinnie;Remy;SEASHELLS;8028.0;7
0;28488.0;Remy;Vinnie;SEASHELLS;8030.0;6
0;28496.0;Remy;Vinnie;SEASHELLS;8028.0;5
0;28497.0;Remy;Vinnie;SEASHELLS;8028.0;5
0;28508.0;Vinnie;Remy;SEASHELLS;8032.0;7
0;28512.0;Vinnie;Vladimir;SEASHELLS;8031.0;9
0;28520.0;Remy;Vinnie;SEASHELLS;8028.0;5
0;28544.0;Remy;Vinnie;SEASHELLS;8022.0;5
0;28546.0;Vinnie;Remy;SEASHELLS;8021.0;7
0;28547.0;Vinnie;Remy;SEASHELLS;8019.0;7
0;28550.0;Vinnie;Vladimir;SEASHELLS;8020.0;10
0;28569.0;Vinnie;Remy;SEASHELLS;8021.0;8
0;28574.0;Remy;Vinnie;SEASHELLS;8023.0;5
0;28583.0;Vinnie;Remy;SEASHELLS;8021.0;6
0;28592.0;Vinnie;Remy;SEASHELLS;8016.0;6
0;28607.0;Vinnie;Vladimir;SEASHELLS;8016.0;5
0;28608.0;Remy;Vinnie;SEASHELLS;8016.0;6
0;28629.0;Vinnie;Remy;SEASHELLS;8020.0;8
0;28654.0;Vinnie;Remy;SEASHELLS;8017.0;5
0;28681.0;Remy;Vinnie;SEASHELLS;8019.0;5
0;28684.0;Remy;Vinnie;SEASHELLS;8018.0;8
0;28691.0;Remy;Vinnie;SEASHELLS;8018.0;5
0;28727.0;Vinnie;Vladimir;SEASHELLS;8025.0;4
0;28729.0;Vinnie;Vladimir;SEASHELLS;8026.0;5
0;28732.0;Vinnie;Remy;SEASHELLS;8025.0;5
0;28741.0;Remy;Vinnie;SEASHELLS;8029.0;6
0;28771.0;Remy;Vinnie;SEASHELLS;8029.0;5
0;28777.0;Vinnie;Remy;SEASHELLS;8031.0;6
0;28786.0;Remy;Vinnie;SEASHELLS;8041.0;5
0;28791.0;Vinnie;Remy;SEASHELLS;8039.0;8
0;28802.0;Remy;Vinnie;SEASHELLS;8040.0;5
0;28808.0;Remy;Vinnie;SEASHELLS;8042.0;6
0;28852.0;Vinnie;Remy;SEASHELLS;8041.0;8
0;28880.0;Vinnie;Remy;SEASHELLS;8045.0;8
0;28881.0;Vinnie;Vladimir;SEASHELLS;8045.0;6
0;28888.0;Remy;Vinnie;SEASHELLS;8046.0;8
0;28894.0;Remy;Vinnie;SEASHELLS;8038.0;6
0;28908.0;Remy;Vinnie;SEASHELLS;8032.0;6
0;28910.0;Vinnie;Vladimir;SEASHELLS;8031.0;6
0;28912.0;Remy;Vinnie;SEASHELLS;8030.0;5
0;28913.0;Vinnie;Remy;SEASHELLS;8030.0;7
0;28923.0;Remy;Vinnie;SEASHELLS;8025.0;5
0;28935.0;Remy;Vinnie;SEASHELLS;8028.0;8
0;28952.0;Vinnie;Remy;SEASHELLS;8029.0;7
0;28976.0;Remy;Vinnie;SEASHELLS;8031.0;7
0;28977.0;Remy;Vinnie;SEASHELLS;8032.0;5
0;28979.0;Vinnie;Remy;SEASHELLS;8031.0;8
0;28982.0;Remy;Vinnie;SEASHELLS;8031.0;5
0;28998.0;Remy;Vinnie;SEASHELLS;8032.0;6
0;29016.0;Remy;Vinnie;SEASHELLS;8029.0;7
0;29022.0;Remy;Vinnie;SEASHELLS;8027.0;8
0;29023.0;Vinnie;Remy;SEASHELLS;8025.0;8
0;29044.0;Remy;Vinnie;SEASHELLS;8023.0;6
0;29047.0;Vinnie;Vladimir;SEASHELLS;8022.0;5
0;29068.0;Vinnie;Remy;SEASHELLS;8021.0;5
0;29070.0;Vinnie;Remy;SEASHELLS;8023.0;7
0;29077.0;Remy;Vinnie;SEASHELLS;8023.0;5
0;29080.0;Vinnie;Remy;SEASHELLS;8019.0;7
0;29090.0;Vinnie;Remy;SEASHELLS;8020.0;7
0;29112.0;Vinnie;Vladimir;SEASHELLS;8025.0;9
0;29116.0;Vinnie;Vladimir;SEASHELLS;8025.0;6
0;29140.0;Vinnie;Remy;SEASHELLS;8028.0;6
0;29183.0;Vinnie;Remy;SEASHELLS;8021.0;7
0;29203.0;Vinnie;Remy;SEASHELLS;8021.0;8
0;29205.0;Remy;Vinnie;SEASHELLS;8022.0;5
0;29209.0;Remy;Vinnie;SEASHELLS;8021.0;6
0;29220.0;Vinnie;Vladimir;SEASHELLS;8011.0;6
0;29231.0;Remy;Vinnie;SEASHELLS;8011.0;6
0;29236.0;Remy;Vinnie;SEASHELLS;8015.0;6
0;29236.0;Vinnie;Vladimir;SEASHELLS;8014.0;8
0;29241.0;Remy;Vinnie;SEASHELLS;8015.0;6
0;29255.0;Vinnie;Vladimir;SEASHELLS;8010.0;7
0;29283.0;Vinnie;Remy;SEASHELLS;8010.0;5
0;29285.0;Vinnie;Remy;SEASHELLS;8008.0;6
0;29286.0;Vladimir;Remy;SEASHELLS;8008.0;4
0;29289.0;Vinnie;Remy;SEASHELLS;8010.0;5
0;29294.0;Vinnie;Remy;SEASHELLS;8010.0;7
0;29300.0;Vinnie;Remy;SEASHELLS;8013.0;8
0;29304.0;Vinnie;Remy;SEASHELLS;8015.0;6
0;29318.0;Vinnie;Remy;SEASHELLS;8011.0;7
0;29324.0;Vinnie;Remy;SEASHELLS;8015.0;6
0;29324.0;Vinnie;Vladimir;SEASHELLS;8015.0;6
0;29335.0;Vinnie;Vladimir;SEASHELLS;8014.0;7
0;29339.0;Vinnie;Remy;SEASHELLS;8011.0;8
0;29348.0;Vinnie;Remy;SEASHELLS;8012.0;7
0;29359.0;Remy;Vinnie;SEASHELLS;8008.0;6
0;29378.0;Vinnie;Remy;SEASHELLS;8018.0;6
0;29381.0;Vinnie;Remy;SEASHELLS;8017.0;8
0;29417.0;Vinnie;Vladimir;SEASHELLS;8017.0;7
0;29429.0;Remy;Vinnie;SEASHELLS;8014.0;5
0;29433.0;Remy;Vinnie;SEASHELLS;8017.0;8
0;29437.0;Remy;Vinnie;SEASHELLS;8020.0;5
0;29441.0;Vinnie;Remy;SEASHELLS;8020.0;5
0;29451.0;Remy;Vinnie;SEASHELLS;8015.0;8
0;29452.0;Remy;Vinnie;SEASHELLS;8014.0;7
0;29454.0;Vinnie;Vladimir;SEASHELLS;8014.0;7
0;29469.0;Vinnie;Remy;SEASHELLS;8015.0;5
0;29491.0;Vinnie;Remy;SEASHELLS;8018.0;6
0;29502.0;Remy;Vinnie;SEASHELLS;8021.0;7
0;29510.0;Remy;Vinnie;SEASHELLS;8020.0;7
0;29511.0;Vinnie;Remy;SEASHELLS;8018.0;7
0;29526.0;Vinnie;Remy;SEASHELLS;8017.0;8
0;29552.0;Vinnie;Vladimir;SEASHELLS;8021.0;5
0;29569.0;Vinnie;Vladimir;SEASHELLS;8021.0;7
0;29576.0;Vinnie;Remy;SEASHELLS;8018.0;5
0;29586.0;Vinnie;Vladimir;SEASHELLS;8020.0;10
0;29596.0;Vinnie;Remy;SEASHELLS;8017.0;6
0;29596.0;Vinnie;Vladimir;SEASHELLS;8017.0;9
0;29601.0;Remy;Vinnie;SEASHELLS;8018.0;7
0;29612.0;Vinnie;Vladimir;SEASHELLS;8014.0;4
0;29613.0;Vinnie;Remy;SEASHELLS;8014.0;7
0;29614.0;Vinnie;Vladimir;SEASHELLS;8014.0;6
0;29615.0;Remy;Vinnie;SEASHELLS;8015.0;5
0;29616.0;Remy;Vinnie;SEASHELLS;8014.0;6
0;29634.0;Remy;Vinnie;SEASHELLS;8014.0;8
0;29653.0;Vinnie;Remy;SEASHELLS;8009.0;6
0;29680.0;Vinnie;Remy;SEASHELLS;7999.0;5
0;29688.0;Vinnie;Remy;SEASHELLS;7997.0;7
0;29696.0;Vinnie;Remy;SEASHELLS;7995.0;7
0;29700.0;Vinnie;Remy;SEASHELLS;7996.0;5
0;29707.0;Remy;Vinnie;SEASHELLS;7995.0;8
0;29756.0;Vinnie;Vladimir;SEASHELLS;8000.0;10
0;29757.0;Vinnie;Remy;SEASHELLS;7999.0;8
0;29815.0;Remy;Vinnie;SEASHELLS;7999.0;7
0;29826.0;Vinnie;Remy;SEASHELLS;8001.0;5
0;29827.0;Remy;Vinnie;SEASHELLS;8004.0;5
0;29831.0;Remy;Vinnie;SEASHELLS;8007.0;8
0;29836.0;Vinnie;Remy;SEASHELLS;8005.0;8
0;29839.0;Vinnie;Remy;SEASHELLS;8005.0;8
0;29843.0;Vinnie;Remy;SEASHELLS;8006.0;7
0;29849.0;Vinnie;Remy;SEASHELLS;8004.0;5
0;29852.0;Remy;Vinnie;SEASHELLS;8001.0;6
0;29858.0;Vinnie;Vladimir;SEASHELLS;7999.0;4
0;29863.0;Remy;Vinnie;SEASHELLS;8001.0;5
0;29865.0;Remy;Vinnie;SEASHELLS;7999.0;8
0;29877.0;Vinnie;Remy;SEASHELLS;8003.0;6
0;29878.0;Remy;Vinnie;SEASHELLS;8005.0;6
0;29880.0;Remy;Vinnie;SEASHELLS;8004.0;8
0;29895.0;Vinnie;Vladimir;SEASHELLS;7998.0;4
0;29908.0;Vinnie;Remy;SEASHELLS;7997.0;6
0;29912.0;Remy;Vinnie;SEASHELLS;7997.0;8
0;29922.0;Vinnie;Remy;SEASHELLS;7997.0;8
0;29953.0;Vinnie;Remy;SEASHELLS;7994.0;6
0;29963.0;Remy;Vinnie;SEASHELLS;8000.0;7
0;29965.0;Vinnie;Vladimir;SEASHELLS;7997.0;7
0;29984.0;Remy;Vinnie;SEASHELLS;7989.0;8
0;29989.0;Vinnie;Vladimir;SEASHELLS;7987.0;9
0;29990.0;Vinnie;Remy;SEASHELLS;7988.0;8
0;29991.0;Vinnie;Remy;SEASHELLS;7988.0;6
0;29993.0;Vinnie;Remy;SEASHELLS;7989.0;8
1;30011.0;Remy;Vinnie;SEASHELLS;7991.0;7
1;30015.0;Vinnie;Remy;SEASHELLS;7989.0;6
1;30025.0;Vinnie;Vladimir;SEASHELLS;7990.0;7
1;30034.0;Vinnie;Remy;SEASHELLS;7990.0;7
1;30037.0;Remy;Vinnie;SEASHELLS;7989.0;5
1;30050.0;Vinnie;Vladimir;SEASHELLS;7986.0;4
1;30064.0;Vinnie;Vladimir;SEASHELLS;7989.0;4
1;30069.0;Vinnie;Remy;SEASHELLS;7990.0;5
1;30077.0;Vinnie;Vladimir;SEASHELLS;7986.0;9
1;30081.0;Vinnie;Remy;SEASHELLS;7986.0;6
1;30087.0;Vinnie;Remy;SEASHELLS;7988.0;5
1;30094.0;Remy;Vinnie;SEASHELLS;7992.0;7
1;30096.0;Remy;Vinnie;SEASHELLS;7991.0;5
1;30109.0;Vinnie;Remy;SEASHELLS;7984.0;6
1;30128.0;Vinnie;Vladimir;SEASHELLS;7982.0;10
1;30134.0;Vinnie;Remy;SEASHELLS;7985.0;7
1;30155.0;Vinnie;Remy;SEASHELLS;7984.0;6
1;30164.0;Vinnie;Remy;SEASHELLS;7986.0;8
1;30186.0;Vinnie;Vladimir;SEASHELLS;7988.0;9
1;30192.0;Vinnie;Remy;SEASHELLS;7989.0;8
1;30195.0;Vinnie;Remy;SEASHELLS;7991.0;5
1;30196.0;Vinnie;Vladimir;SEASHELLS;7992.0;6
1;30199.0;Vinnie;Remy;SEASHELLS;7992.0;7
1;30200.0;Vinnie;Vladimir;SEASHELLS;7991.0;6
1;30212.0;Remy;Vinnie;SEASHELLS;7995.0;8
1;30242.0;Vinnie;Remy;SEASHELLS;7992.0;5
1;30252.0;Remy;Vladimir;SEASHELLS;7992.0;5
1;30253.0;Remy;Vinnie;SEASHELLS;7993.0;8
1;30271.0;Vinnie;Remy;SEASHELLS;7994.0;6
1;30285.0;Remy;Vinnie;SEASHELLS;7993.0;7
1;30302.0;Remy;Vinnie;SEASHELLS;7994.0;5
1;30329.0;Remy;Vinnie;SEASHELLS;7995.0;7
1;30330.0;Vinnie;Vladimir;SEASHELLS;7993.0;7
1;30338.0;Remy;Vinnie;SEASHELLS;7997.0;8
1;30353.0;Vinnie;Remy;SEASHELLS;7999.0;8
1;30376.0;Remy;Vinnie;SEASHELLS;7993.0;8
1;30398.0;Remy;Vinnie;SEASHELLS;7988.0;5
1;30399.0;Remy;Vinnie;SEASHELLS;7989.0;6
1;30436.0;Vinnie;Remy;SEASHELLS;7994.0;8
1;30443.0;Remy;Vinnie;SEASHELLS;7998.0;8
1;30497.0;Vinnie;Remy;SEASHELLS;7989.0;7
1;30514.0;Remy;Vinnie;SEASHELLS;7991.0;5
1;30528.0;Remy;Vinnie;SEASHELLS;7991.0;6
1;30539.0;Remy;Vinnie;SEASHELLS;7985.0;7
1;30545.0;Vinnie;Vladimir;SEASHELLS;7981.0;4
1;30554.0;Vinnie;Remy;SEASHELLS;7982.0;5
1;30602.0;Remy;Vinnie;SEASHELLS;7982.0;6
1;30607.0;Vinnie;Remy;SEASHELLS;7981.0;5
1;30615.0;Vinnie;Remy;SEASHELLS;7989.0;6
1;30627.0;Vinnie;Remy;SEASHELLS;7990.0;7
1;30657.0;Vinnie;Vladimir;SEASHELLS;7994.0;5
1;30666.0;Vinnie;Remy;SEASHELLS;8000.0;5
1;30675.0;Vinnie;Remy;SEASHELLS;7996.0;5
1;30677.0;Vinnie;Vladimir;SEASHELLS;7997.0;9
1;30686.0;Vinnie;Vladimir;SEASHELLS;7997.0;7
1;30720.0;Vinnie;Remy;SEASHELLS;7998.0;5
1;30722.0;Vinnie;Remy;SEASHELLS;7998.0;8
1;30723.0;Remy;Vinnie;SEASHELLS;7999.0;7
1;30725.0;Remy;Vinnie;SEASHELLS;8000.0;6
1;30740.0;Vinnie;Remy;SEASHELLS;7996.0;5
1;30753.0;Vinnie;Vladimir;SEASHELLS;7994.0;6
1;30760.0;Vinnie;Remy;SEASHELLS;7994.0;8
1;30772.0;Remy;Vinnie;SEASHELLS;7993.0;7
1;30776.0;Vinnie;Remy;SEASHELLS;7995.0;8
1;30780.0;Remy;Vinnie;SEASHELLS;7995.0;7
1;30786.0;Remy;Vinnie;SEASHELLS;7995.0;8
1;30790.0;Vinnie;Vladimir;SEASHELLS;7996.0;4
1;30792.0;Remy;Vinnie;SEASHELLS;8000.0;8
1;30836.0;Vinnie;Vladimir;SEASHELLS;7990.0;8
1;30841.0;Vinnie;Vladimir;SEASHELLS;7987.0;7
1;30851.0;Vinnie;Remy;SEASHELLS;7993.0;8
1;30871.0;Remy;Vinnie;SEASHELLS;7992.0;5
1;30903.0;Vinnie;Remy;SEASHELLS;7990.0;7
1;30914.0;Remy;Vinnie;SEASHELLS;7988.0;8
1;30941.0;Remy;Vinnie;SEASHELLS;7987.0;6
1;30947.0;Remy;Vinnie;SEASHELLS;7986.0;8
1;30956.0;Remy;Vinnie;SEASHELLS;7984.0;7
1;30962.0;Vinnie;Remy;SEASHELLS;7982.0;7
1;30965.0;Remy;Vinnie;SEASHELLS;7983.0;5
1;30986.0;Vinnie;Vladimir;SEASHELLS;7976.0;9
1;30988.0;Remy;Vinnie;SEASHELLS;7978.0;8
1;30989.0;Remy;Vinnie;SEASHELLS;7978.0;7
1;30995.0;Remy;Vinnie;SEASHELLS;7976.0;6
1;31004.0;Remy;Vinnie;SEASHELLS;7975.0;5
1;31018.0;Vinnie;Remy;SEASHELLS;7967.0;6
1;31022.0;Remy;Vinnie;SEASHELLS;7971.0;8
1;31023.0;Vinnie;Remy;SEASHELLS;7970.0;8
1;31024.0;Vinnie;Remy;SEASHELLS;7970.0;6
1;31042.0;Remy;Vinnie;SEASHELLS;7970.0;5
1;31049.0;Vinnie;Remy;SEASHELLS;7970.0;8
1;31067.0;Vinnie;Remy;SEASHELLS;7974.0;8
1;31073.0;Vinnie;Vladimir;SEASHELLS;7975.0;9
1;31082.0;Remy;Vinnie;SEASHELLS;7978.0;6
1;31087.0;Vinnie;Remy;SEASHELLS;7977.0;6
1;31094.0;Vinnie;Vladimir;SEASHELLS;7977.0;7
1;31121.0;Vinnie;Remy;SEASHELLS;7973.0;7
1;31132.0;Vinnie;Remy;SEASHELLS;7968.0;8
1;31193.0;Vinnie;Remy;SEASHELLS;7976.0;5
1;31212.0;Remy;Vinnie;SEASHELLS;7979.0;5
1;31214.0;Remy;Vinnie;SEASHELLS;7979.0;6
1;31224.0;Vinnie;Vladimir;SEASHELLS;7970.0;10
1;31231.0;Remy;Vinnie;SEASHELLS;7970.0;6
1;31248.0;Vinnie;Vladimir;SEASHELLS;7969.0;8
1;31251.0;Remy;Vinnie;SEASHELLS;7971.0;8
1;31255.0;Remy;Vinnie;SEASHELLS;7970.0;8
1;31256.0;Remy;Vinnie;SEASHELLS;7970.0;7
1;31270.0;Remy;Vinnie;SEASHELLS;7976.0;7
1;31284.0;Vinnie;Remy;SEASHELLS;7980.0;8
1;31295.0;Remy;Vinnie;SEASHELLS;7978.0;7
1;31296.0;Vinnie;Remy;SEASHELLS;7977.0;6
1;31301.0;Remy;Vinnie;SEASHELLS;7977.0;5
1;31308.0;Vinnie;Vladimir;SEASHELLS;7977.0;4
1;31311.0;Vinnie;Remy;SEASHELLS;7975.0;7
1;31324.0;Remy;Vinnie;SEASHELLS;7973.0;7
1;31335.0;Vinnie;Remy;SEASHELLS;7970.0;8
1;31343.0;Remy;Vinnie;SEASHELLS;7972.0;5
1;31367.0;Remy;Vinnie;SEASHELLS;7976.0;7
1;31371.0;Vinnie;Remy;SEASHELLS;7978.0;5
1;31391.0;Vinnie;Remy;SEASHELLS;7982.0;8
1;31400.0;Vinnie;Vladimir;SEASHELLS;7981.0;9
1;31408.0;Vinnie;Vladimir;SEASHELLS;7978.0;4
1;31413.0;Vinnie;Remy;SEASHELLS;7975.0;8
1;31455.0;Vinnie;Remy;SEASHELLS;7967.0;6
1;31469.0;Vinnie;Remy;SEASHELLS;7961.0;8
1;31476.0;Vinnie;Remy;SEASHELLS;7962.0;7
1;31480.0;Vinnie;Remy;SEASHELLS;7962.0;6
1;31503.0;Vinnie;Remy;SEASHELLS;7962.0;8
1;31518.0;Remy;Vinnie;SEASHELLS;7965.0;7
1;31539.0;Remy;Vinnie;SEASHELLS;7968.0;6
1;31575.0;Vinnie;Vladimir;SEASHELLS;7960.0;4
1;31602.0;Remy;Vinnie;SEASHELLS;7954.0;8
1;31616.0;Remy;Vinnie;SEASHELLS;7952.0;7
1;31631.0;Vinnie;Remy;SEASHELLS;7948.0;8
1;31634.0;Remy;Vinnie;SEASHELLS;7951.0;5
1;31666.0;Vinnie;Vladimir;SEASHELLS;7953.0;9
1;31671.0;Remy;Vinnie;SEASHELLS;7954.0;6
1;31679.0;Vinnie;Remy;SEASHELLS;7949.0;5
1;31681.0;Remy;Vinnie;SEASHELLS;7949.0;6
1;31702.0;Remy;Vinnie;SEASHELLS;7950.0;8
1;31718.0;Vinnie;Remy;SEASHELLS;7949.0;8
1;31730.0;Remy;Vinnie;SEASHELLS;7948.0;5
1;31732.0;Remy;Vinnie;SEASHELLS;7948.0;6
1;31762.0;Vinnie;Remy;SEASHELLS;7951.0;7
1;31794.0;Vinnie;Remy;SEASHELLS;7943.0;6
1;31804.0;Vinnie;Remy;SEASHELLS;7942.0;7
1;31815.0;Remy;Vinnie;SEASHELLS;7944.0;7
1;31816.0;Remy;Vinnie;SEASHELLS;7943.0;8
1;31822.0;Vinnie;Remy;SEASHELLS;7942.0;5
1;31827.0;Vinnie;Remy;SEASHELLS;7940.0;8
1;31851.0;Vinnie;Vladimir;SEASHELLS;7944.0;6
1;31862.0;Remy;Vinnie;SEASHELLS;7945.0;7
1;31865.0;Vinnie;Remy;SEASHELLS;7943.0;6
1;31870.0;Remy;Vinnie;SEASHELLS;7944.0;8
1;31880.0;Remy;Vinnie;SEASHELLS;7942.0;5
1;31896.0;Vinnie;Remy;SEASHELLS;7939.0;6
1;31914.0;Vinnie;Vladimir;SEASHELLS;7944.0;9
1;31915.0;Remy;Vinnie;SEASHELLS;7945.0;5
1;31931.0;Remy;Vinnie;SEASHELLS;7939.0;6
1;31932.0;Remy;Vinnie;SEASHELLS;7938.0;6
1;31937.0;Remy;Vinnie;SEASHELLS;7938.0;8
1;31957.0;Remy;Vinnie;SEASHELLS;7936.0;5
1;31967.0;Vinnie;Remy;SEASHELLS;7931.0;7
1;31972.0;Vinnie;Remy;SEASHELLS;7930.0;8
1;32002.0;Remy;Vinnie;SEASHELLS;7939.0;8
1;32025.0;Remy;Vinnie;SEASHELLS;7945.0;7
1;32032.0;Vinnie;Remy;SEASHELLS;7946.0;7
1;32047.0;Remy;Vinnie;SEASHELLS;7948.0;8
1;32052.0;Vinnie;Remy;SEASHELLS;7948.0;6
1;32079.0;Vinnie;Remy;SEASHELLS;7950.0;7
1;32084.0;Remy;Vinnie;SEASHELLS;7952.0;7
1;32093.0;Remy;Vinnie;SEASHELLS;7955.0;6
1;32096.0;Vinnie;Remy;SEASHELLS;7953.0;8
1;32103.0;Remy;Vinnie;SEASHELLS;7955.0;6
1;32106.0;Vinnie;Remy;SEASHELLS;7954.0;5
1;32111.0;Remy;Vinnie;SEASHELLS;7958.0;6
1;32117.0;Vinnie;Remy;SEASHELLS;7958.0;6
1;32119.0;Vinnie;Vladimir;SEASHELLS;7958.0;9
1;32123.0;Vinnie;Remy;SEASHELLS;7958.0;7
1;32124.0;Vinnie;Remy;SEASHELLS;7957.0;8
1;32131.0;Remy;Vinnie;SEASHELLS;7957.0;6
1;32146.0;Vinnie;Vladimir;SEASHELLS;7957.0;4
1;32147.0;Vinnie;Remy;SEASHELLS;7954.0;8
1;32151.0;Remy;Vinnie;SEASHELLS;7958.0;5
1;32155.0;Remy;Vinnie;SEASHELLS;7958.0;6
1;32163.0;Remy;Vinnie;SEASHELLS;7959.0;5
1;32177.0;Vinnie;Remy;SEASHELLS;7961.0;8
1;32180.0;Remy;Vinnie;SEASHELLS;7964.0;5
1;32184.0;Remy;Vinnie;SEASHELLS;7962.0;7
1;32184.0;Vinnie;Vladimir;SEASHELLS;7960.0;10
1;32189.0;Vinnie;Remy;SEASHELLS;7957.0;5
1;32192.0;Vinnie;Remy;SEASHELLS;7957.0;8
1;32193.0;Vinnie;Remy;SEASHELLS;7955.0;5
1;32202.0;Vinnie;Remy;SEASHELLS;7958.0;8
1;32203.0;Vinnie;Remy;SEASHELLS;7958.0;5
1;32227.0;Remy;Vinnie;SEASHELLS;7957.0;6
1;32249.0;Remy;Vinnie;SEASHELLS;7960.0;6
1;32275.0;Vinnie;Remy;SEASHELLS;7961.0;6
1;32276.0;Vinnie;Remy;SEASHELLS;7961.0;8
1;32285.0;Remy;Vinnie;SEASHELLS;7959.0;8
1;32291.0;Vinnie;Remy;SEASHELLS;7954.0;6
1;32302.0;Vinnie;Vladimir;SEASHELLS;7953.0;8
1;32306.0;Vinnie;Vladimir;SEASHELLS;7958.0;5
1;32307.0;Remy;Vinnie;SEASHELLS;7957.0;5
1;32331.0;Remy;Vinnie;SEASHELLS;7954.0;8
1;32333.0;Vinnie;Remy;SEASHELLS;7954.0;8
1;32335.0;Remy;Vinnie;SEASHELLS;7955.0;8
1;32338.0;Remy;Vinnie;SEASHELLS;7955.0;8
1;32345.0;Vinnie;Vladimir;SEASHELLS;7950.0;4
1;32359.0;Remy;Vinnie;SEASHELLS;7948.0;8
1;32382.0;Vinnie;Remy;SEASHELLS;7949.0;6
1;32388.0;Vinnie;Remy;SEASHELLS;7950.0;8
1;32394.0;Vinnie;Remy;SEASHELLS;7951.0;7
1;32399.0;Remy;Vinnie;SEASHELLS;7954.0;7
1;32422.0;Vinnie;Remy;SEASHELLS;7951.0;8
1;32445.0;Vinnie;Remy;SEASHELLS;7954.0;6
1;32446.0;Vinnie;Remy;SEASHELLS;7954.0;7
1;32459.0;Vinnie;Remy;SEASHELLS;7959.0;7
1;32460.0;Vinnie;Vladimir;SEASHELLS;7960.0;6
1;32464.0;Vinnie;Remy;SEASHELLS;7960.0;5
1;32469.0;Remy;Vinnie;SEASHELLS;7962.0;8
1;32475.0;Vinnie;Vladimir;SEASHELLS;7965.0;6
1;32494.0;Vinnie;Remy;SEASHELLS;7972.0;5
1;32502.0;Remy;Vinnie;SEASHELLS;7975.0;7
1;32511.0;Vinnie;Remy;SEASHELLS;7972.0;6
1;32517.0;Vinnie;Remy;SEASHELLS;7974.0;5
1;32521.0;Remy;Vinnie;SEASHELLS;7977.0;8
1;32522.0;Vinnie;Vladimir;SEASHELLS;7974.0;4
1;32545.0;Vinnie;Remy;SEASHELLS;7978.0;5
1;32591.0;Remy;Vinnie;SEASHELLS;7988.0;6
1;32603.0;Remy;Vinnie;SEASHELLS;7982.0;8
1;32608.0;Vinnie;Vladimir;SEASHELLS;7982.0;5
1;32617.0;Vinnie;Vladimir;SEASHELLS;7980.0;6
1;32619.0;Remy;Vinnie;SEASHELLS;7982.0;7
1;32637.0;Remy;Vinnie;SEASHELLS;7981.0;8
1;32640.0;Vinnie;Remy;SEASHELLS;7976.0;7
1;32648.0;Vinnie;Vladimir;SEASHELLS;7980.0;7
1;32655.0;Vinnie;Remy;SEASHELLS;7979.0;6
1;32660.0;Vinnie;Remy;SEASHELLS;7982.0;6
1;32673.0;Remy;Vinnie;SEASHELLS;7978.0;6
1;32694.0;Vinnie;Vladimir;SEASHELLS;7975.0;8
1;32708.0;Vinnie;Vladimir;SEASHELLS;7976.0;6
1;32719.0;Remy;Vinnie;SEASHELLS;7975.0;7
1;32721.0;Vinnie;Remy;SEASHELLS;7973.0;5
1;32722.0;Remy;Vinnie;SEASHELLS;7975.0;6
1;32743.0;Vinnie;Remy;SEASHELLS;7978.0;8
1;32745.0;Remy;Vinnie;SEASHELLS;7979.0;7
1;32763.0;Vinnie;Remy;SEASHELLS;7973.0;5
1;32765.0;Remy;Vinnie;SEASHELLS;7975.0;7
1;32779.0;Remy;Vinnie;SEASHELLS;7970.0;7
1;32790.0;Vinnie;Remy;SEASHELLS;7975.0;7
1;32793.0;Remy;Vinnie;SEASHELLS;7975.0;7
1;32805.0;Vinnie;Remy;SEASHELLS;7976.0;5
1;32812.0;Vinnie;Vladimir;SEASHELLS;7978.0;6
1;32814.0;Remy;Vinnie;SEASHELLS;7981.0;8
1;32818.0;Remy;Vinnie;SEASHELLS;7980.0;8
1;32819.0;Remy;Vinnie;SEASHELLS;7981.0;5
1;32824.0;Vinnie;Remy;SEASHELLS;7984.0;7
1;32853.0;Vinnie;Vladimir;SEASHELLS;7990.0;7
1;32856.0;Vinnie;Vladimir;SEASHELLS;7987.0;4
1;32860.0;Vinnie;Vladimir;SEASHELLS;7987.0;4
1;32870.0;Remy;Vinnie;SEASHELLS;7992.0;7
1;32898.0;Vinnie;Remy;SEASHELLS;7981.0;8
1;32904.0;Remy;Vinnie;SEASHELLS;7980.0;5
1;32922.0;Remy;Vinnie;SEASHELLS;7977.0;8
1;32924.0;Remy;Vinnie;SEASHELLS;7978.0;8
1;32955.0;Vinnie;Remy;SEASHELLS;7981.0;6
1;32969.0;Remy;Vinnie;SEASHELLS;7977.0;6
1;32983.0;Remy;Vinnie;SEASHELLS;7968.0;8
1;33006.0;Remy;Vinnie;SEASHELLS;7965.0;6
1;33017.0;Remy;Vinnie;SEASHELLS;7963.0;5
1;33020.0;Vinnie;Remy;SEASHELLS;7963.0;7
1;33058.0;Vinnie;Remy;SEASHELLS;7967.0;6
1;33065.0;Remy;Vinnie;SEASHELLS;7965.0;8
1;33067.0;Remy;Vinnie;SEASHELLS;7966.0;5
1;33069.0;Vinnie;Remy;SEASHELLS;7967.0;5
1;33086.0;Remy;Vinnie;SEASHELLS;7970.0;7
1;33089.0;Remy;Vinnie;SEASHELLS;7973.0;8
1;33096.0;Remy;Vinnie;SEASHELLS;7974.0;7
1;33105.0;Vinnie;Remy;SEASHELLS;7971.0;8
1;33111.0;Remy;Vladimir;SEASHELLS;7972.0;6
1;33114.0;Remy;Vinnie;SEASHELLS;7977.0;8
1;33136.0;Remy;Vinnie;SEASHELLS;7980.0;8
1;33145.0;Vinnie;Remy;SEASHELLS;7973.0;6
1;33154.0;Vinnie;Vladimir;SEASHELLS;7973.0;10
1;33159.0;Vinnie;Remy;SEASHELLS;7970.0;7
1;33162.0;Remy;Vinnie;SEASHELLS;7969.0;5
1;33169.0;Remy;Vinnie;SEASHELLS;7972.0;8
1;33178.0;Vinnie;Vladimir;SEASHELLS;7969.0;6
1;33198.0;Vinnie;Vladimir;SEASHELLS;7966.0;4
1;33215.0;Remy;Vinnie;SEASHELLS;7970.0;6
1;33220.0;Vinnie;Remy;SEASHELLS;7968.0;7
1;33273.0;Remy;Vinnie;SEASHELLS;7974.0;8
1;33278.0;Vinnie;Vladimir;SEASHELLS;7977.0;4
1;33284.0;Vinnie;Vladimir;SEASHELLS;7980.0;9
1;33285.0;Vinnie;Remy;SEASHELLS;7979.0;7
1;33292.0;Vinnie;Remy;SEASHELLS;7983.0;6
1;33292.0;Vinnie;Vladimir;SEASHELLS;7983.0;8
1;33295.0;Remy;Vinnie;SEASHELLS;7985.0;8
1;33301.0;Vinnie;Remy;SEASHELLS;7982.0;5
1;33303.0;Vinnie;Remy;SEASHELLS;7980.0;5
1;33312.0;Vinnie;Vladimir;SEASHELLS;7975.0;9
1;33321.0;Vinnie;Remy;SEASHELLS;7974.0;8
1;33329.0;Vinnie;Remy;SEASHELLS;7970.0;6
1;33331.0;Vinnie;Remy;SEASHELLS;7968.0;6
1;33333.0;Remy;Vinnie;SEASHELLS;7970.0;7
1;33339.0;Vinnie;Vladimir;SEASHELLS;7969.0;4
1;33339.0;Vinnie;Remy;SEASHELLS;7969.0;5
1;33348.0;Remy;Vinnie;SEASHELLS;7968.0;5
1;33359.0;Vinnie;Remy;SEASHELLS;7967.0;8
1;33360.0;Vinnie;Remy;SEASHELLS;7965.0;5
1;33363.0;Vinnie;Remy;SEASHELLS;7964.0;8
1;33371.0;Vinnie;Remy;SEASHELLS;7964.0;5
1;33403.0;Remy;Vinnie;SEASHELLS;7960.0;7
1;33405.0;Remy;Vinnie;SEASHELLS;7959.0;5
1;33410.0;Vinnie;Remy;SEASHELLS;7958.0;7
1;33420.0;Vinnie;Vladimir;SEASHELLS;7956.0;9
1;33426.0;Vinnie;Remy;SEASHELLS;7954.0;5
1;33435.0;Vinnie;Remy;SEASHELLS;7957.0;7
1;33462.0;Vinnie;Remy;SEASHELLS;7954.0;7
1;33463.0;Vinnie;Remy;SEASHELLS;7954.0;6
1;33469.0;Vinnie;Remy;SEASHELLS;7954.0;7
1;33484.0;Vinnie;Vladimir;SEASHELLS;7949.0;10
1;33505.0;Vinnie;Vladimir;SEASHELLS;7953.0;4
1;33507.0;Remy;Vinnie;SEASHELLS;7952.0;7
1;33531.0;Remy;Vinnie;SEASHELLS;7960.0;7
1;33534.0;Vinnie;Remy;SEASHELLS;7959.0;5
1;33543.0;Vinnie;Vladimir;SEASHELLS;7959.0;8
1;33553.0;Vinnie;Vladimir;SEASHELLS;7958.0;6
1;33579.0;Vinnie;Remy;SEASHELLS;7963.0;7
1;33585.0;Vinnie;Remy;SEASHELLS;7966.0;6
1;33595.0;Remy;Vinnie;SEASHELLS;7965.0;6
1;33612.0;Vinnie;Vladimir;SEASHELLS;7959.0;6
1;33624.0;Remy;Vinnie;SEASHELLS;7960.0;8
1;33626.0;Vinnie;Vladimir;SEASHELLS;7959.0;10
1;33628.0;Vinnie;Remy;SEASHELLS;7958.0;8
1;33631.0;Vinnie;Remy;SEASHELLS;7957.0;6
1;33645.0;Vinnie;Vladimir;SEASHELLS;7963.0;5
1;33707.0;Vinnie;Remy;SEASHELLS;7948.0;8
1;33723.0;Vinnie;Vladimir;SEASHELLS;7944.0;8
1;33764.0;Vinnie;Vladimir;SEASHELLS;7946.0;9
1;33766.0;Vinnie;Remy;SEASHELLS;7944.0;6
1;33794.0;Remy;Vinnie;SEASHELLS;7945.0;8
1;33808.0;Remy;Vinnie;SEASHELLS;7942.0;8
1;33808.0;Vinnie;Vladimir;SEASHELLS;7941.0;5
1;33819.0;Vinnie;Remy;SEASHELLS;7944.0;6
1;33828.0;Remy;Vinnie;SEASHELLS;7944.0;8
1;33867.0;Vinnie;Vladimir;SEASHELLS;7945.0;5
1;33868.0;Vinnie;Remy;SEASHELLS;7944.0;8
1;33896.0;Remy;Vinnie;SEASHELLS;7940.0;8
1;33926.0;Vinnie;Remy;SEASHELLS;7943.0;8
1;33938.0;Vinnie;Remy;SEASHELLS;7944.0;7
1;33940.0;Vinnie;Remy;SEASHELLS;7945.0;5
1;33943.0;Vinnie;Remy;SEASHELLS;7945.0;6
1;33981.0;Vinnie;Vladimir;SEASHELLS;7944.0;5
1;33981.0;Remy;Vinnie;SEASHELLS;7945.0;6
1;33998.0;Remy;Vinnie;SEASHELLS;7951.0;7
1;34008.0;Vinnie;Vladimir;SEASHELLS;7946.0;8
1;34012.0;Remy;Vinnie;SEASHELLS;7949.0;5
1;34015.0;Vinnie;Remy;SEASHELLS;7947.0;5
1;34021.0;Vinnie;Vladimir;SEASHELLS;7945.0;10
1;34022.0;Vinnie;Remy;SEASHELLS;7946.0;7
1;34028.0;Vinnie;Vladimir;SEASHELLS;7946.0;4
1;34064.0;Vinnie;Vladimir;SEASHELLS;7951.0;7
1;34067.0;Remy;Vinnie;SEASHELLS;7949.0;5
1;34110.0;Vinnie;Remy;SEASHELLS;7950.0;6
1;34112.0;Remy;Vinnie;SEASHELLS;7953.0;8
1;34120.0;Vinnie;Remy;SEASHELLS;7949.0;7
1;34123.0;Vinnie;Vladimir;SEASHELLS;7949.0;5
1;34129.0;Remy;Vinnie;SEASHELLS;7950.0;7
1;34143.0;Remy;Vinnie;SEASHELLS;7946.0;7
1;34148.0;Remy;Vinnie;SEASHELLS;7949.0;5
1;34218.0;Remy;Vinnie;SEASHELLS;7954.0;5
1;34221.0;Vinnie;Remy;SEASHELLS;7952.0;5
1;34238.0;Vinnie;Remy;SEASHELLS;7949.0;5
1;34250.0;Vinnie;Remy;SEASHELLS;7950.0;6
1;34254.0;Vinnie;Vladimir;SEASHELLS;7952.0;4
1;34270.0;Vinnie;Remy;SEASHELLS;7953.0;8
1;34284.0;Vinnie;Remy;SEASHELLS;7948.0;5
1;34290.0;Vinnie;Remy;SEASHELLS;7945.0;8
1;34293.0;Remy;Vinnie;SEASHELLS;7945.0;7
1;34303.0;Vinnie;Remy;SEASHELLS;7937.0;7
1;34310.0;Remy;Vinnie;SEASHELLS;7937.0;7
1;34339.0;Remy;Vinnie;SEASHELLS;7931.0;5
1;34350.0;Remy;Vinnie;SEASHELLS;7931.0;6
1;34359.0;Vinnie;Remy;SEASHELLS;7928.0;7
1;34368.0;Remy;Vinnie;SEASHELLS;7932.0;7
1;34377.0;Vinnie;Remy;SEASHELLS;7934.0;6
1;34390.0;Vinnie;Remy;SEASHELLS;7931.0;7
1;34443.0;Remy;Vinnie;SEASHELLS;7943.0;8
1;34451.0;Remy;Vinnie;SEASHELLS;7940.0;7
1;34452.0;Vinnie;Remy;SEASHELLS;7939.0;5
1;34475.0;Vinnie;Remy;SEASHELLS;7938.0;7
1;34489.0;Vinnie;Remy;SEASHELLS;7937.0;7
1;34493.0;Remy;Vinnie;SEASHELLS;7937.0;6
1;34514.0;Remy;Vinnie;SEASHELLS;7939.0;8
1;34516.0;Vinnie;Remy;SEASHELLS;7937.0;6
1;34517.0;Vinnie;Remy;SEASHELLS;7936.0;8
1;34521.0;Remy;Vinnie;SEASHELLS;7935.0;6
1;34539.0;Vinnie;Remy;SEASHELLS;7931.0;8
1;34547.0;Vinnie;Remy;SEASHELLS;7937.0;8
1;34549.0;Remy;Vinnie;SEASHELLS;7938.0;7
1;34558.0;Remy;Vinnie;SEASHELLS;7935.0;7
1;34563.0;Remy;Vinnie;SEASHELLS;7935.0;8
1;34566.0;Vinnie;Vladimir;SEASHELLS;7936.0;4
1;34573.0;Remy;Vinnie;SEASHELLS;7938.0;7
1;34574.0;Remy;Vinnie;SEASHELLS;7938.0;8
1;34588.0;Remy;Vinnie;SEASHELLS;7936.0;8
1;34608.0;Vinnie;Remy;SEASHELLS;7940.0;5
1;34619.0;Vinnie;Remy;SEASHELLS;7944.0;5
1;34622.0;Vinnie;Remy;SEASHELLS;7944.0;5
1;34632.0;Vinnie;Vladimir;SEASHELLS;7939.0;9
1;34633.0;Vinnie;Vladimir;SEASHELLS;7939.0;8
1;34673.0;Remy;Vinnie;SEASHELLS;7954.0;8
1;34674.0;Remy;Vinnie;SEASHELLS;7954.0;5
1;34675.0;Remy;Vinnie;SEASHELLS;7953.0;5
1;34677.0;Vinnie;Remy;SEASHELLS;7952.0;6
1;34703.0;Vinnie;Remy;SEASHELLS;7952.0;7
1;34710.0;Vinnie;Remy;SEASHELLS;7951.0;5
1;34717.0;Vinnie;Remy;SEASHELLS;7950.0;5
1;34731.0;Remy;Vinnie;SEASHELLS;7949.0;5
1;34738.0;Vinnie;Remy;SEASHELLS;7947.0;7
1;34763.0;Vinnie;Remy;SEASHELLS;7951.0;7
1;34804.0;Remy;Vinnie;SEASHELLS;7950.0;6
1;34817.0;Vinnie;Remy;SEASHELLS;7946.0;5
1;34820.0;Vinnie;Vladimir;SEASHELLS;7947.0;6
1;34824.0;Vinnie;Remy;SEASHELLS;7947.0;8
1;34827.0;Vinnie;Remy;SEASHELLS;7946.0;6
1;34836.0;Remy;Vinnie;SEASHELLS;7944.0;8
1;34858.0;Vinnie;Vladimir;SEASHELLS;7951.0;8
1;34863.0;Vinnie;Remy;SEASHELLS;7952.0;6
1;34865.0;Remy;Vinnie;SEASHELLS;7954.0;8
1;34875.0;Remy;Vinnie;SEASHELLS;7948.0;5
1;34878.0;Vinnie;Remy;SEASHELLS;7947.0;8
1;34885.0;Vinnie;Vladimir;SEASHELLS;7950.0;4
1;34892.0;Remy;Vinnie;SEASHELLS;7955.0;5
1;34918.0;Vinnie;Vladimir;SEASHELLS;7953.0;5
1;34927.0;Vinnie;Remy;SEASHELLS;7951.0;7
1;34929.0;Vinnie;Remy;SEASHELLS;7950.0;6
1;34932.0;Vinnie;Remy;SEASHELLS;7946.0;8
1;34953.0;Vinnie;Remy;SEASHELLS;7944.0;8
1;34958.0;Vinnie;Remy;SEASHELLS;7946.0;7
1;34967.0;Remy;Vinnie;SEASHELLS;7948.0;5
1;34986.0;Vinnie;Remy;SEASHELLS;7946.0;5
1;34991.0;Remy;Vinnie;SEASHELLS;7948.0;6
1;34995.0;Remy;Vinnie;SEASHELLS;7950.0;5
1;35000.0;Remy;Vinnie;SEASHELLS;7945.0;7
1;35005.0;Vinnie;Remy;SEASHELLS;7942.0;6
1;35007.0;Remy;Vinnie;SEASHELLS;7943.0;6
1;35014.0;Remy;Vinnie;SEASHELLS;7942.0;8
1;35018.0;Vinnie;Remy;SEASHELLS;7939.0;8
1;35078.0;Remy;Vinnie;SEASHELLS;7945.0;8
1;35087.0;Remy;Vinnie;SEASHELLS;7945.0;8
1;35097.0;Vinnie;Remy;SEASHELLS;7941.0;5
1;35102.0;Remy;Vinnie;SEASHELLS;7943.0;7
1;35113.0;Remy;Vinnie;SEASHELLS;7938.0;5
1;35123.0;Remy;Vinnie;SEASHELLS;7939.0;7
1;35124.0;Vinnie;Remy;SEASHELLS;7937.0;8
1;35131.0;Vinnie;Remy;SEASHELLS;7936.0;7
1;35131.0;Vinnie;Vladimir;SEASHELLS;7936.0;10
1;35133.0;Vinnie;Vladimir;SEASHELLS;7938.0;5
1;35149.0;Vinnie;Remy;SEASHELLS;7940.0;7
1;35161.0;Vinnie;Remy;SEASHELLS;7942.0;7
1;35165.0;Remy;Vinnie;SEASHELLS;7942.0;7
1;35184.0;Vinnie;Remy;SEASHELLS;7942.0;8
1;35199.0;Vinnie;Remy;SEASHELLS;7942.0;5
1;35218.0;Vinnie;Remy;SEASHELLS;7946.0;5
1;35223.0;Remy;Vinnie;SEASHELLS;7945.0;7
1;35246.0;Remy;Vinnie;SEASHELLS;7943.0;6
1;35280.0;Vinnie;Remy;SEASHELLS;7946.0;6
1;35282.0;Remy;Vinnie;SEASHELLS;7946.0;8
1;35284.0;Remy;Vinnie;SEASHELLS;7947.0;8
1;35285.0;Vinnie;Vladimir;SEASHELLS;7946.0;4
1;35292.0;Vinnie;Remy;SEASHELLS;7947.0;5
1;35307.0;Vinnie;Vladimir;SEASHELLS;7954.0;7
1;35307.0;Remy;Vinnie;SEASHELLS;7955.0;7
1;35318.0;Vinnie;Vladimir;SEASHELLS;7957.0;5
1;35336.0;Remy;Vinnie;SEASHELLS;7965.0;8
1;35353.0;Vinnie;Vladimir;SEASHELLS;7964.0;6
1;35360.0;Remy;Vinnie;SEASHELLS;7964.0;8
1;35401.0;Vinnie;Remy;SEASHELLS;7945.0;7
1;35407.0;Vinnie;Vladimir;SEASHELLS;7944.0;10
1;35414.0;Vinnie;Vladimir;SEASHELLS;7944.0;10
1;35417.0;Vinnie;Remy;SEASHELLS;7943.0;6
1;35468.0;Vinnie;Remy;SEASHELLS;7936.0;5
1;35474.0;Vinnie;Remy;SEASHELLS;7934.0;8
1;35494.0;Remy;Vinnie;SEASHELLS;7923.0;7
1;35495.0;Remy;Vinnie;SEASHELLS;7925.0;6
1;35508.0;Remy;Vinnie;SEASHELLS;7925.0;7
1;35525.0;Remy;Vinnie;SEASHELLS;7926.0;7
1;35539.0;Vinnie;Remy;SEASHELLS;7926.0;6
1;35546.0;Remy;Vinnie;SEASHELLS;7923.0;6
1;35549.0;Vinnie;Remy;SEASHELLS;7922.0;8
1;35554.0;Vinnie;Remy;SEASHELLS;7921.0;5
1;35556.0;Vinnie;Remy;SEASHELLS;7921.0;8
1;35559.0;Vinnie;Remy;SEASHELLS;7922.0;5
1;35567.0;Remy;Vinnie;SEASHELLS;7921.0;5
1;35597.0;Vinnie;Remy;SEASHELLS;7910.0;6
1;35615.0;Remy;Vinnie;SEASHELLS;7904.0;5
1;35619.0;Remy;Vinnie;SEASHELLS;7906.0;6
1;35624.0;Remy;Vinnie;SEASHELLS;7907.0;8
1;35649.0;Vinnie;Vladimir;SEASHELLS;7901.0;5
1;35668.0;Vinnie;Vladimir;SEASHELLS;7892.0;10
1;35672.0;Vinnie;Vladimir;SEASHELLS;7893.0;8
1;35701.0;Vinnie;Remy;SEASHELLS;7894.0;8
1;35725.0;Vinnie;Remy;SEASHELLS;7891.0;5
1;35735.0;Vinnie;Remy;SEASHELLS;7893.0;5
1;35737.0;Vinnie;Vladimir;SEASHELLS;7895.0;10
1;35778.0;Vinnie;Remy;SEASHELLS;7888.0;7
1;35799.0;Remy;Vinnie;SEASHELLS;7886.0;7
1;35800.0;Remy;Vinnie;SEASHELLS;7886.0;7
1;35811.0;Vinnie;Remy;SEASHELLS;7881.0;6
1;35817.0;Vinnie;Remy;SEASHELLS;7881.0;5
1;35821.0;Vinnie;Remy;SEASHELLS;7882.0;8
1;35824.0;Vinnie;Remy;SEASHELLS;7879.0;5
1;35825.0;Remy;Vinnie;SEASHELLS;7881.0;6
1;35834.0;Vinnie;Vladimir;SEASHELLS;7884.0;4
1;35856.0;Vinnie;Remy;SEASHELLS;7882.0;5
1;35869.0;Vinnie;Remy;SEASHELLS;7878.0;8
1;35879.0;Remy;Vinnie;SEASHELLS;7878.0;8
1;35880.0;Vinnie;Remy;SEASHELLS;7877.0;8
1;35887.0;Vinnie;Remy;SEASHELLS;7875.0;7
1;35892.0;Vinnie;Remy;SEASHELLS;7875.0;7
1;35894.0;Vinnie;Vladimir;SEASHELLS;7877.0;8
1;35908.0;Vinnie;Remy;SEASHELLS;7874.0;5
1;35923.0;Remy;Vinnie;SEASHELLS;7871.0;7
1;35928.0;Vinnie;Vladimir;SEASHELLS;7869.0;7
1;35931.0;Vinnie;Vladimir;SEASHELLS;7871.0;5
1;35932.0;Vinnie;Vladimir;SEASHELLS;7872.0;4
1;35935.0;Vinnie;Vladimir;SEASHELLS;7871.0;4
1;35939.0;Vinnie;Remy;SEASHELLS;7872.0;5
1;35972.0;Vinnie;Vladimir;SEASHELLS;7870.0;6
1;35985.0;Vinnie;Remy;SEASHELLS;7869.0;6
1;35989.0;Remy;Vinnie;SEASHELLS;7869.0;8
1;35993.0;Remy;Vinnie;SEASHELLS;7866.0;8
1;36003.0;Vinnie;Remy;SEASHELLS;7869.0;5
1;36004.0;Remy;Vinnie;SEASHELLS;7870.0;8
1;36010.0;Vinnie;Remy;SEASHELLS;7867.0;8
1;36012.0;Vinnie;Vladimir;SEASHELLS;7868.0;7
1;36019.0;Remy;Vinnie;SEASHELLS;7866.0;7
1;36022.0;Vinnie;Remy;SEASHELLS;7863.0;5
1;36025.0;Vinnie;Remy;SEASHELLS;7864.0;6
1;36030.0;Remy;Vinnie;SEASHELLS;7863.0;5
1;36036.0;Vinnie;Remy;SEASHELLS;7862.0;7
1;36044.0;Remy;Vinnie;SEASHELLS;7864.0;7
1;36049.0;Remy;Vinnie;SEASHELLS;7864.0;5
1;36060.0;Vinnie;Remy;SEASHELLS;7865.0;6
1;36060.0;Vinnie;Vladimir;SEASHELLS;7865.0;7
1;36061.0;Vinnie;Remy;SEASHELLS;7865.0;6
1;36062.0;Vinnie;Remy;SEASHELLS;7864.0;6
1;36075.0;Remy;Vinnie;SEASHELLS;7864.0;7
1;36083.0;Remy;Vinnie;SEASHELLS;7863.0;8
1;36089.0;Remy;Vinnie;SEASHELLS;7864.0;5
1;36098.0;Vinnie;Remy;SEASHELLS;7865.0;5
1;36099.0;Remy;Vinnie;SEASHELLS;7865.0;5
1;36105.0;Vinnie;Remy;SEASHELLS;7864.0;8
1;36119.0;Vinnie;Remy;SEASHELLS;7868.0;5
1;36120.0;Vinnie;Remy;SEASHELLS;7868.0;7
1;36125.0;Vinnie;Remy;SEASHELLS;7867.0;7
1;36170.0;Vinnie;Remy;SEASHELLS;7866.0;7
1;36179.0;Remy;Vinnie;SEASHELLS;7866.0;5
1;36199.0;Vinnie;Remy;SEASHELLS;7864.0;7
1;36216.0;Vinnie;Vladimir;SEASHELLS;7857.0;10
1;36230.0;Vinnie;Remy;SEASHELLS;7862.0;6
1;36231.0;Remy;Vinnie;SEASHELLS;7863.0;5
1;36232.0;Remy;Vinnie;SEASHELLS;7863.0;6
1;36232.0;Vinnie;Vladimir;SEASHELLS;7862.0;6
1;36234.0;Remy;Vinnie;SEASHELLS;7861.0;7
1;36236.0;Vinnie;Vladimir;SEASHELLS;7861.0;6
1;36288.0;Vinnie;Remy;SEASHELLS;7860.0;7
1;36290.0;Vinnie;Remy;SEASHELLS;7858.0;8
1;36297.0;Remy;Vinnie;SEASHELLS;7860.0;5
1;36308.0;Vinnie;Vladimir;SEASHELLS;7860.0;4
1;36316.0;Vinnie;Vladimir;SEASHELLS;7858.0;7
1;36318.0;Vinnie;Remy;SEASHELLS;7859.0;6
1;36320.0;Vinnie;Remy;SEASHELLS;7859.0;5
1;36354.0;Vinnie;Vladimir;SEASHELLS;7860.0;9
1;36373.0;Remy;Vinnie;SEASHELLS;7866.0;5
1;36396.0;Vinnie;Remy;SEASHELLS;7865.0;7
1;36396.0;Vinnie;Vladimir;SEASHELLS;7865.0;8
1;36398.0;Remy;Vinnie;SEASHELLS;7864.0;7
1;36420.0;Vinnie;Vladimir;SEASHELLS;7862.0;8
1;36431.0;Vinnie;Vladimir;SEASHELLS;7868.0;9
1;36434.0;Remy;Vinnie;SEASHELLS;7869.0;5
1;36445.0;Remy;Vinnie;SEASHELLS;7867.0;8
1;36447.0;Vinnie;Remy;SEASHELLS;7864.0;7
1;36457.0;Vinnie;Remy;SEASHELLS;7864.0;5
1;36464.0;Remy;Vinnie;SEASHELLS;7863.0;8
1;36468.0;Remy;Vinnie;SEASHELLS;7860.0;5
1;36481.0;Remy;Vinnie;SEASHELLS;7867.0;6
1;36495.0;Remy;Vinnie;SEASHELLS;7872.0;5
1;36498.0;Remy;Vinnie;SEASHELLS;7873.0;7
1;36500.0;Remy;Vinnie;SEASHELLS;7871.0;6
1;36516.0;Vinnie;Remy;SEASHELLS;7869.0;7
1;36516.0;Vinnie;Vladimir;SEASHELLS;7869.0;5
1;36521.0;Remy;Vinnie;SEASHELLS;7871.0;8
1;36538.0;Remy;Vinnie;SEASHELLS;7873.0;5
1;36550.0;Vinnie;Vladimir;SEASHELLS;7871.0;6
1;36568.0;Vinnie;Remy;SEASHELLS;7875.0;7
1;36584.0;Vinnie;Remy;SEASHELLS;7873.0;5
1;36611.0;Vinnie;Remy;SEASHELLS;7876.0;7
1;36627.0;Vinnie;Remy;SEASHELLS;7879.0;8
1;36642.0;Vinnie;Remy;SEASHELLS;7873.0;7
1;36645.0;Vinnie;Remy;SEASHELLS;7873.0;6
1;36659.0;Remy;Vinnie;SEASHELLS;7876.0;6
1;36666.0;Vinnie;Remy;SEASHELLS;7875.0;5
1;36685.0;Remy;Vinnie;SEASHELLS;7872.0;5
1;36704.0;Vinnie;Vladimir;SEASHELLS;7868.0;9
1;36706.0;Remy;Vinnie;SEASHELLS;7871.0;7
1;36711.0;Remy;Vinnie;SEASHELLS;7874.0;8
1;36713.0;Vinnie;Vladimir;SEASHELLS;7872.0;10
1;36721.0;Remy;Vinnie;SEASHELLS;7870.0;7
1;36732.0;Vinnie;Vladimir;SEASHELLS;7870.0;7
1;36740.0;Vinnie;Remy;SEASHELLS;7873.0;7
1;36793.0;Vinnie;Remy;SEASHELLS;7882.0;5
1;36804.0;Remy;Vinnie;SEASHELLS;7885.0;5
1;36816.0;Vinnie;Remy;SEASHELLS;7887.0;7
1;36850.0;Remy;Vinnie;SEASHELLS;7893.0;5
1;36856.0;Vinnie;Vladimir;SEASHELLS;7891.0;6
1;36860.0;Vinnie;Vladimir;SEASHELLS;7889.0;4
1;36861.0;Vinnie;Remy;SEASHELLS;7890.0;5
1;36862.0;Remy;Vinnie;SEASHELLS;7890.0;7
1;36865.0;Remy;Vinnie;SEASHELLS;7892.0;7
1;36866.0;Vinnie;Vladimir;SEASHELLS;7890.0;9
1;36891.0;Vinnie;Remy;SEASHELLS;7895.0;7
1;36896.0;Vinnie;Remy;SEASHELLS;7895.0;8
1;36897.0;Vinnie;Remy;SEASHELLS;7894.0;8
1;36898.0;Vinnie;Vladimir;SEASHELLS;7895.0;4
1;36898.0;Remy;Vinnie;SEASHELLS;7896.0;6
1;36904.0;Vinnie;Vladimir;SEASHELLS;7895.0;8
1;36906.0;Remy;Vinnie;SEASHELLS;7897.0;7
1;36923.0;Vinnie;Vladimir;SEASHELLS;7893.0;6
1;36959.0;Vinnie;Remy;SEASHELLS;7888.0;8
1;36966.0;Remy;Vinnie;SEASHELLS;7888.0;8
1;36982.0;Vinnie;Vladimir;SEASHELLS;7885.0;5
1;37005.0;Remy;Vinnie;SEASHELLS;7892.0;8
1;37016.0;Vinnie;Remy;SEASHELLS;7890.0;5
1;37020.0;Vinnie;Remy;SEASHELLS;7892.0;6
1;37038.0;Vinnie;Remy;SEASHELLS;7888.0;8
1;37049.0;Remy;Vinnie;SEASHELLS;7890.0;8
1;37072.0;Vinnie;Remy;SEASHELLS;7886.0;7
1;37076.0;Vinnie;Remy;SEASHELLS;7887.0;8
1;37079.0;Remy;Vinnie;SEASHELLS;7886.0;7
1;37104.0;Vinnie;Vladimir;SEASHELLS;7876.0;6
1;37108.0;Vinnie;Remy;SEASHELLS;7880.0;6
1;37109.0;Vinnie;Remy;SEASHELLS;7881.0;5
1;37112.0;Remy;Vinnie;SEASHELLS;7883.0;7
1;37113.0;Remy;Vinnie;SEASHELLS;7884.0;5
1;37128.0;Vinnie;Vladimir;SEASHELLS;7878.0;9
1;37134.0;Vinnie;Vladimir;SEASHELLS;7880.0;8
1;37155.0;Vinnie;Vladimir;SEASHELLS;7883.0;7
1;37164.0;Vinnie;Vladimir;SEASHELLS;7884.0;9
1;37172.0;Remy;Vinnie;SEASHELLS;7886.0;8
1;37184.0;Remy;Vinnie;SEASHELLS;7882.0;5
1;37195.0;Vinnie;Remy;SEASHELLS;7883.0;6
1;37207.0;Vinnie;Remy;SEASHELLS;7892.0;6
1;37213.0;Vinnie;Vladimir;SEASHELLS;7894.0;9
1;37218.0;Remy;Vinnie;SEASHELLS;7897.0;7
1;37247.0;Vinnie;Vladimir;SEASHELLS;7898.0;6
1;37265.0;Remy;Vinnie;SEASHELLS;7898.0;6
1;37272.0;Remy;Vinnie;SEASHELLS;7896.0;5
1;37289.0;Remy;Vinnie;SEASHELLS;7899.0;8
1;37307.0;Vinnie;Remy;SEASHELLS;7899.0;8
1;37313.0;Remy;Vinnie;SEASHELLS;7901.0;8
1;37360.0;Vinnie;Remy;SEASHELLS;7894.0;6
1;37363.0;Remy;Vinnie;SEASHELLS;7898.0;7
1;37367.0;Vinnie;Remy;SEASHELLS;7897.0;6
1;37376.0;Vinnie;Remy;SEASHELLS;7898.0;5
1;37389.0;Vinnie;Remy;SEASHELLS;7902.0;8
1;37390.0;Vinnie;Vladimir;SEASHELLS;7902.0;10
1;37427.0;Vinnie;Vladimir;SEASHELLS;7898.0;7
1;37428.0;Vinnie;Vladimir;SEASHELLS;7897.0;10
1;37436.0;Vinnie;Remy;SEASHELLS;7898.0;7
1;37439.0;Vinnie;Remy;SEASHELLS;7897.0;7
1;37446.0;Vinnie;Remy;SEASHELLS;7899.0;6
1;37466.0;Remy;Vinnie;SEASHELLS;7906.0;6
1;37467.0;Vinnie;Vladimir;SEASHELLS;7904.0;6
1;37472.0;Vinnie;Remy;SEASHELLS;7903.0;6
1;37479.0;Vinnie;Remy;SEASHELLS;7905.0;6
1;37490.0;Remy;Vinnie;SEASHELLS;7909.0;7
1;37496.0;Remy;Vinnie;SEASHELLS;7906.0;7
1;37501.0;Remy;Vinnie;SEASHELLS;7908.0;6
1;37503.0;Vinnie;Remy;SEASHELLS;7906.0;7
1;37521.0;Remy;Vinnie;SEASHELLS;7904.0;6
1;37526.0;Vinnie;Remy;SEASHELLS;7905.0;7
1;37538.0;Remy;Vladimir;SEASHELLS;7906.0;6
1;37549.0;Vinnie;Remy;SEASHELLS;7906.0;8
1;37550.0;Vinnie;Remy;SEASHELLS;7904.0;8
1;37555.0;Remy;Vinnie;SEASHELLS;7903.0;7
1;37556.0;Vinnie;Vladimir;SEASHELLS;7903.0;4
1;37557.0;Remy;Vinnie;SEASHELLS;7905.0;7
1;37558.0;Vinnie;Vladimir;SEASHELLS;7902.0;10
1;37561.0;Remy;Vinnie;SEASHELLS;7905.0;8
1;37569.0;Vinnie;Remy;SEASHELLS;7904.0;7
1;37577.0;Vinnie;Remy;SEASHELLS;7898.0;7
1;37582.0;Remy;Vinnie;SEASHELLS;7898.0;7
1;37589.0;Remy;Vinnie;SEASHELLS;7905.0;7
1;37602.0;Vinnie;Remy;SEASHELLS;7901.0;5
1;37615.0;Vinnie;Vladimir;SEASHELLS;7898.0;6
1;37616.0;Vinnie;Vladimir;SEASHELLS;7897.0;5
1;37620.0;Remy;Vinnie;SEASHELLS;7899.0;7
1;37625.0;Remy;Vinnie;SEASHELLS;7899.0;5
1;37639.0;Remy;Vinnie;SEASHELLS;7895.0;6
1;37651.0;Vinnie;Remy;SEASHELLS;7898.0;7
1;37652.0;Vinnie;Remy;SEASHELLS;7898.0;6
1;37680.0;Remy;Vinnie;SEASHELLS;7897.0;5
1;37720.0;Vinnie;Vladimir;SEASHELLS;7893.0;10
1;37724.0;Vinnie;Vladimir;SEASHELLS;7893.0;9
1;37727.0;Vinnie;Remy;SEASHELLS;7894.0;7
1;37766.0;Remy;Vinnie;SEASHELLS;7899.0;8
1;37775.0;Vinnie;Vladimir;SEASHELLS;7897.0;10
1;37789.0;Remy;Vinnie;SEASHELLS;7896.0;5
1;37793.0;Vinnie;Vladimir;SEASHELLS;7892.0;7
1;37804.0;Remy;Vinnie;SEASHELLS;7893.0;6
1;37807.0;Remy;Vinnie;SEASHELLS;7892.0;5
1;37822.0;Remy;Vinnie;SEASHELLS;7895.0;6
1;37840.0;Vinnie;Remy;SEASHELLS;7891.0;8
1;37865.0;Vinnie;Vladimir;SEASHELLS;7900.0;5
1;37883.0;Vinnie;Remy;SEASHELLS;7896.0;7
1;37893.0;Remy;Vinnie;SEASHELLS;7904.0;7
1;37896.0;Vinnie;Remy;SEASHELLS;7903.0;6
1;37909.0;Vinnie;Remy;SEASHELLS;7907.0;5
1;37914.0;Vinnie;Remy;SEASHELLS;7908.0;8
1;37922.0;Remy;Vinnie;SEASHELLS;7910.0;6
1;37924.0;Vinnie;Remy;SEASHELLS;7907.0;7
1;37931.0;Remy;Vinnie;SEASHELLS;7910.0;5
1;37941.0;Remy;Vinnie;SEASHELLS;7912.0;6
1;37955.0;Remy;Vinnie;SEASHELLS;7912.0;5
1;37957.0;Vinnie;Remy;SEASHELLS;7912.0;6
1;38024.0;Vinnie;Vladimir;SEASHELLS;7912.0;9
1;38054.0;Remy;Vinnie;SEASHELLS;7907.0;8
1;38055.0;Vinnie;Vladimir;SEASHELLS;7906.0;10
1;38064.0;Remy;Vinnie;SEASHELLS;7911.0;6
1;38065.0;Remy;Vinnie;SEASHELLS;7911.0;5
1;38066.0;Remy;Vinnie;SEASHELLS;7910.0;6
1;38067.0;Vinnie;Vladimir;SEASHELLS;7908.0;6
1;38068.0;Vinnie;Remy;SEASHELLS;7908.0;7
1;38069.0;Remy;Vinnie;SEASHELLS;7910.0;7
1;38087.0;Remy;Vinnie;SEASHELLS;7912.0;5
1;38089.0;Remy;Vinnie;SEASHELLS;7911.0;7
1;38090.0;Vinnie;Vladimir;SEASHELLS;7912.0;10
1;38093.0;Remy;Vinnie;SEASHELLS;7915.0;6
1;38108.0;Remy;Vinnie;SEASHELLS;7919.0;8
1;38117.0;Vinnie;Vladimir;SEASHELLS;7915.0;9
1;38125.0;Vinnie;Vladimir;SEASHELLS;7913.0;6
1;38131.0;Remy;Vinnie;SEASHELLS;7915.0;5
1;38141.0;Remy;Vinnie;SEASHELLS;7919.0;5
1;38154.0;Vinnie;Remy;SEASHELLS;7913.0;5
1;38155.0;Vinnie;Remy;SEASHELLS;7914.0;5
1;38169.0;Remy;Vinnie;SEASHELLS;7917.0;8
1;38207.0;Remy;Vinnie;SEASHELLS;7915.0;7
1;38209.0;Vinnie;Remy;SEASHELLS;7914.0;8
1;38213.0;Vinnie;Vladimir;SEASHELLS;7914.0;4
1;38228.0;Vinnie;Vladimir;SEASHELLS;7908.0;7
1;38237.0;Remy;Vinnie;SEASHELLS;7911.0;7
1;38242.0;Remy;Vinnie;SEASHELLS;7909.0;8
1;38258.0;Remy;Vinnie;SEASHELLS;7907.0;8
1;38259.0;Vinnie;Vladimir;SEASHELLS;7905.0;6
1;38260.0;Remy;Vinnie;SEASHELLS;7907.0;7
1;38261.0;Vinnie;Remy;SEASHELLS;7905.0;7
1;38268.0;Vinnie;Remy;SEASHELLS;7898.0;5
1;38275.0;Vinnie;Remy;SEASHELLS;7898.0;7
1;38290.0;Vinnie;Remy;SEASHELLS;7901.0;5
1;38307.0;Remy;Vinnie;SEASHELLS;7901.0;8
1;38342.0;Vinnie;Remy;SEASHELLS;7906.0;7
1;38357.0;Vinnie;Remy;SEASHELLS;7911.0;5
1;38369.0;Remy;Vinnie;SEASHELLS;7915.0;5
1;38393.0;Remy;Vinnie;SEASHELLS;7909.0;8
1;38398.0;Vinnie;Remy;SEASHELLS;7910.0;6
1;38400.0;Remy;Vinnie;SEASHELLS;7913.0;6
1;38406.0;Vinnie;Vladimir;SEASHELLS;7908.0;7
1;38416.0;Vinnie;Remy;SEASHELLS;7908.0;6
1;38432.0;Remy;Vinnie;SEASHELLS;7911.0;8
1;38440.0;Vinnie;Remy;SEASHELLS;7904.0;8
1;38456.0;Remy;Vinnie;SEASHELLS;7906.0;6
1;38464.0;Vinnie;Vladimir;SEASHELLS;7910.0;5
1;38470.0;Vinnie;Vladimir;SEASHELLS;7910.0;7
1;38471.0;Remy;Vinnie;SEASHELLS;7910.0;6
1;38473.0;Remy;Vinnie;SEASHELLS;7910.0;7
1;38480.0;Remy;Vinnie;SEASHELLS;7914.0;5
1;38491.0;Vinnie;Remy;SEASHELLS;7908.0;6
1;38498.0;Vinnie;Remy;SEASHELLS;7906.0;7
1;38499.0;Vinnie;Remy;SEASHELLS;7905.0;6
1;38503.0;Vinnie;Vladimir;SEASHELLS;7905.0;6
1;38504.0;Remy;Vinnie;SEASHELLS;7907.0;8
1;38507.0;Remy;Vinnie;SEASHELLS;7906.0;7
1;38509.0;Vinnie;Remy;SEASHELLS;7906.0;6
1;38515.0;Vinnie;Vladimir;SEASHELLS;7904.0;4
1;38521.0;Vinnie;Remy;SEASHELLS;7905.0;7
1;38528.0;Vinnie;Remy;SEASHELLS;7901.0;8
1;38568.0;Remy;Vinnie;SEASHELLS;7901.0;6
1;38586.0;Remy;Vinnie;SEASHELLS;7898.0;8
1;38610.0;Remy;Vinnie;SEASHELLS;7897.0;8
1;38643.0;Vinnie;Remy;SEASHELLS;7901.0;7
1;38645.0;Remy;Vinnie;SEASHELLS;7903.0;8
1;38651.0;Vinnie;Remy;SEASHELLS;7901.0;8
1;38658.0;Remy;Vinnie;SEASHELLS;7899.0;6
1;38681.0;Vinnie;Remy;SEASHELLS;7897.0;6
1;38689.0;Vinnie;Remy;SEASHELLS;7900.0;6
1;38707.0;Vinnie;Remy;SEASHELLS;7902.0;7
1;38715.0;Remy;Vinnie;SEASHELLS;7905.0;8
1;38726.0;Remy;Vinnie;SEASHELLS;7905.0;8
1;38736.0;Vinnie;Vladimir;SEASHELLS;7901.0;5
1;38786.0;Vinnie;Vladimir;SEASHELLS;7902.0;4
1;38804.0;Vinnie;Remy;SEASHELLS;7902.0;5
1;38815.0;Vinnie;Remy;SEASHELLS;7896.0;8
1;38819.0;Vinnie;Remy;SEASHELLS;7894.0;5
1;38820.0;Remy;Vinnie;SEASHELLS;7894.0;5
1;38828.0;Remy;Vinnie;SEASHELLS;7896.0;7
1;38855.0;Vinnie;Remy;SEASHELLS;7888.0;7
1;38863.0;Vinnie;Vladimir;SEASHELLS;7885.0;4
1;38872.0;Vinnie;Remy;SEASHELLS;7884.0;8
1;38873.0;Vinnie;Remy;SEASHELLS;7885.0;7
1;38876.0;Vinnie;Remy;SEASHELLS;7882.0;8
1;38886.0;Vinnie;Vladimir;SEASHELLS;7884.0;7
1;38895.0;Vinnie;Vladimir;SEASHELLS;7886.0;6
1;38901.0;Remy;Vinnie;SEASHELLS;7883.0;6
1;38919.0;Remy;Vinnie;SEASHELLS;7887.0;8
1;38925.0;Remy;Vinnie;SEASHELLS;7890.0;6
1;38939.0;Vinnie;Remy;SEASHELLS;7886.0;6
1;38945.0;Remy;Vinnie;SEASHELLS;7885.0;5
1;38946.0;Remy;Vinnie;SEASHELLS;7884.0;8
1;38951.0;Remy;Vinnie;SEASHELLS;7885.0;7
1;38968.0;Remy;Vinnie;SEASHELLS;7880.0;6
1;38975.0;Vinnie;Remy;SEASHELLS;7880.0;6
1;38992.0;Remy;Vinnie;SEASHELLS;7883.0;5
1;38998.0;Remy;Vladimir;SEASHELLS;7882.0;7
1;39000.0;Vinnie;Remy;SEASHELLS;7881.0;7
1;39007.0;Vinnie;Remy;SEASHELLS;7877.0;5
1;39013.0;Vinnie;Vladimir;SEASHELLS;7877.0;4
1;39024.0;Vinnie;Remy;SEASHELLS;7883.0;7
1;39033.0;Remy;Vinnie;SEASHELLS;7888.0;5
1;39039.0;Vinnie;Remy;SEASHELLS;7884.0;6
1;39054.0;Vinnie;Vladimir;SEASHELLS;7887.0;10
1;39057.0;Vinnie;Remy;SEASHELLS;7886.0;7
1;39065.0;Remy;Vinnie;SEASHELLS;7886.0;7
1;39069.0;Remy;Vinnie;SEASHELLS;7885.0;8
1;39078.0;Vinnie;Remy;SEASHELLS;7880.0;8
1;39082.0;Vinnie;Remy;SEASHELLS;7881.0;7
1;39083.0;Vinnie;Remy;SEASHELLS;7880.0;8
1;39089.0;Vinnie;Remy;SEASHELLS;7881.0;5
1;39093.0;Remy;Vinnie;SEASHELLS;7885.0;6
1;39115.0;Vinnie;Vladimir;SEASHELLS;7888.0;6
1;39155.0;Vinnie;Remy;SEASHELLS;7876.0;7
1;39170.0;Remy;Vinnie;SEASHELLS;7876.0;5
1;39190.0;Vinnie;Remy;SEASHELLS;7886.0;8
1;39193.0;Vinnie;Vladimir;SEASHELLS;7888.0;6
1;39199.0;Remy;Vinnie;SEASHELLS;7892.0;6
1;39216.0;Vinnie;Remy;SEASHELLS;7899.0;5
1;39254.0;Vinnie;Remy;SEASHELLS;7900.0;7
1;39260.0;Vinnie;Remy;SEASHELLS;7898.0;8
1;39268.0;Vinnie;Remy;SEASHELLS;7897.0;5
1;39274.0;Vinnie;Remy;SEASHELLS;7893.0;6
1;39278.0;Remy;Vinnie;SEASHELLS;7894.0;6
1;39289.0;Remy;Vinnie;SEASHELLS;7895.0;6
1;39290.0;Remy;Vinnie;SEASHELLS;7896.0;5
1;39312.0;Remy;Vinnie;SEASHELLS;7897.0;6
1;39341.0;Vinnie;Remy;SEASHELLS;7896.0;6
1;39344.0;Vinnie;Remy;SEASHELLS;7896.0;7
1;39392.0;Remy;Vinnie;SEASHELLS;7901.0;5
1;39399.0;Vinnie;Remy;SEASHELLS;7896.0;6
1;39404.0;Vinnie;Vladimir;SEASHELLS;7895.0;8
1;39405.0;Vinnie;Vladimir;SEASHELLS;7894.0;4
1;39417.0;Vinnie;Remy;SEASHELLS;7896.0;6
1;39419.0;Vinnie;Vladimir;SEASHELLS;7894.0;7
1;39420.0;Remy;Vinnie;SEASHELLS;7897.0;7
1;39433.0;Remy;Vinnie;SEASHELLS;7900.0;6
1;39441.0;Vinnie;Remy;SEASHELLS;7897.0;8
1;39446.0;Vinnie;Vladimir;SEASHELLS;7898.0;5
1;39449.0;Remy;Vinnie;SEASHELLS;7897.0;5
1;39471.0;Vinnie;Remy;SEASHELLS;7898.0;8
1;39479.0;Vinnie;Remy;SEASHELLS;7900.0;6
1;39480.0;Remy;Vinnie;SEASHELLS;7901.0;8
1;39486.0;Vinnie;Vladimir;SEASHELLS;7899.0;4
1;39495.0;Vinnie;Remy;SEASHELLS;7901.0;8
1;39496.0;Vinnie;Remy;SEASHELLS;7901.0;7
1;39501.0;Vinnie;Remy;SEASHELLS;7900.0;6
1;39534.0;Vinnie;Vladimir;SEASHELLS;7899.0;4
1;39535.0;Remy;Vinnie;SEASHELLS;7900.0;5
1;39546.0;Vinnie;Remy;SEASHELLS;7897.0;6
1;39554.0;Remy;Vinnie;SEASHELLS;7895.0;7
1;39562.0;Vinnie;Vladimir;SEASHELLS;7893.0;5
1;39569.0;Remy;Vinnie;SEASHELLS;7898.0;6
1;39572.0;Vinnie;Remy;SEASHELLS;7895.0;6
1;39580.0;Vinnie;Remy;SEASHELLS;7901.0;8
1;39582.0;Remy;Vinnie;SEASHELLS;7904.0;5
1;39591.0;Remy;Vinnie;SEASHELLS;7906.0;5
1;39629.0;Remy;Vinnie;SEASHELLS;7895.0;7
1;39634.0;Remy;Vinnie;SEASHELLS;7897.0;6
1;39636.0;Vinnie;Remy;SEASHELLS;7894.0;7
1;39638.0;Remy;Vinnie;SEASHELLS;7896.0;6
1;39641.0;Vinnie;Vladimir;SEASHELLS;7894.0;10
1;39645.0;Vinnie;Vladimir;SEASHELLS;7895.0;9
1;39661.0;Vinnie;Remy;SEASHELLS;7897.0;8
1;39662.0;Vinnie;Remy;SEASHELLS;7897.0;6
1;39670.0;Vinnie;Vladimir;SEASHELLS;7897.0;9
1;39675.0;Vinnie;Remy;SEASHELLS;7896.0;5
1;39677.0;Vinnie;Vladimir;SEASHELLS;7897.0;7
1;39680.0;Vinnie;Vladimir;SEASHELLS;7896.0;4
1;39687.0;Vinnie;Remy;SEASHELLS;7893.0;5
1;39694.0;Vinnie;Vladimir;SEASHELLS;7894.0;7
1;39709.0;Remy;Vinnie;SEASHELLS;7890.0;7
1;39726.0;Vinnie;Vladimir;SEASHELLS;7885.0;9
1;39737.0;Vinnie;Vladimir;SEASHELLS;7887.0;10
1;39737.0;Vinnie;Remy;SEASHELLS;7887.0;5
1;39742.0;Vinnie;Remy;SEASHELLS;7885.0;8
1;39747.0;Vinnie;Vladimir;SEASHELLS;7884.0;10
1;39778.0;Vinnie;Vladimir;SEASHELLS;7883.0;7
1;39788.0;Remy;Vinnie;SEASHELLS;7887.0;6
1;39791.0;Vinnie;Vladimir;SEASHELLS;7884.0;10
1;39792.0;Remy;Vinnie;SEASHELLS;7884.0;5
1;39805.0;Vinnie;Vladimir;SEASHELLS;7885.0;9
1;39807.0;Vinnie;Remy;SEASHELLS;7888.0;5
1;39814.0;Vinnie;Remy;SEASHELLS;7886.0;5
1;39830.0;Vinnie;Remy;SEASHELLS;7882.0;7
1;39845.0;Vinnie;Remy;SEASHELLS;7884.0;8
1;39859.0;Vinnie;Remy;SEASHELLS;7883.0;6
1;39860.0;Remy;Vinnie;SEASHELLS;7885.0;7
1;39864.0;Remy;Vinnie;SEASHELLS;7885.0;8
1;39885.0;Vinnie;Remy;SEASHELLS;7884.0;7
1;39887.0;Vinnie;Vladimir;SEASHELLS;7884.0;8
1;39894.0;Vinnie;Vladimir;SEASHELLS;7885.0;9
1;39910.0;Vinnie;Remy;SEASHELLS;7889.0;5
1;39914.0;Vinnie;Vladimir;SEASHELLS;7884.0;4
1;39920.0;Vinnie;Remy;SEASHELLS;7885.0;6
1;39939.0;Vinnie;Remy;SEASHELLS;7883.0;8
1;39960.0;Remy;Vinnie;SEASHELLS;7877.0;7
1;39965.0;Vinnie;Vladimir;SEASHELLS;7879.0;6
1;39974.0;Vinnie;Remy;SEASHELLS;7879.0;6
1;39981.0;Remy;Vinnie;SEASHELLS;7880.0;7
1;39982.0;Vinnie;Remy;SEASHELLS;7880.0;7
1;39986.0;Remy;Vinnie;SEASHELLS;7881.0;6
1;39989.0;Vinnie;Vladimir;SEASHELLS;7880.0;9
1;39992.0;Remy;Vinnie;SEASHELLS;7880.0;5
1;39998.0;Remy;Vinnie;SEASHELLS;7886.0;5
2;40001.0;Vinnie;Remy;SEASHELLS;7888.0;8
2;40003.0;Remy;Vinnie;SEASHELLS;7891.0;8
2;40007.0;Remy;Vinnie;SEASHELLS;7890.0;5
2;40017.0;Vinnie;Remy;SEASHELLS;7892.0;8
2;40051.0;Vinnie;Vladimir;SEASHELLS;7887.0;4
2;40065.0;Remy;Vinnie;SEASHELLS;7897.0;8
2;40072.0;Vinnie;Vladimir;SEASHELLS;7895.0;7
2;40073.0;Vinnie;Vladimir;SEASHELLS;7894.0;5
2;40080.0;Vinnie;Remy;SEASHELLS;7893.0;8
2;40092.0;Vinnie;Vladimir;SEASHELLS;7896.0;5
2;40101.0;Vinnie;Remy;SEASHELLS;7898.0;8
2;40128.0;Vinnie;Remy;SEASHELLS;7895.0;7
2;40138.0;Vinnie;Remy;SEASHELLS;7894.0;7
2;40143.0;Vinnie;Remy;SEASHELLS;7894.0;6
2;40149.0;Vinnie;Vladimir;SEASHELLS;7896.0;10
2;40151.0;Vinnie;Remy;SEASHELLS;7893.0;5
2;40159.0;Remy;Vinnie;SEASHELLS;7898.0;7
2;40170.0;Remy;Vinnie;SEASHELLS;7893.0;5
2;40191.0;Vinnie;Remy;SEASHELLS;7894.0;7
2;40200.0;Vinnie;Remy;SEASHELLS;7894.0;5
2;40204.0;Remy;Vinnie;SEASHELLS;7897.0;6
2;40217.0;Vinnie;Remy;SEASHELLS;7886.0;8
2;40219.0;Remy;Vinnie;SEASHELLS;7889.0;7
2;40259.0;Remy;Vinnie;SEASHELLS;7887.0;8
2;40269.0;Vinnie;Vladimir;SEASHELLS;7883.0;8
2;40280.0;Vinnie;Remy;SEASHELLS;7884.0;8
2;40309.0;Vinnie;Remy;SEASHELLS;7890.0;6
2;40327.0;Vinnie;Vladimir;SEASHELLS;7892.0;9
2;40333.0;Vinnie;Vladimir;SEASHELLS;7894.0;9
2;40348.0;Remy;Vinnie;SEASHELLS;7892.0;5
2;40355.0;Remy;Vinnie;SEASHELLS;7889.0;5
2;40371.0;Remy;Vinnie;SEASHELLS;7889.0;7
2;40397.0;Remy;Vinnie;SEASHELLS;7888.0;6
2;40400.0;Vinnie;Remy;SEASHELLS;7890.0;6
2;40406.0;Remy;Vinnie;SEASHELLS;7888.0;5
2;40417.0;Remy;Vinnie;SEASHELLS;7892.0;8
2;40423.0;Vinnie;Remy;SEASHELLS;7891.0;6
2;40433.0;Vinnie;Remy;SEASHELLS;7890.0;8
2;40435.0;Vinnie;Vladimir;SEASHELLS;7889.0;8
2;40442.0;Vinnie;Remy;SEASHELLS;7889.0;7
2;40466.0;Vinnie;Remy;SEASHELLS;7892.0;5
2;40469.0;Remy;Vinnie;SEASHELLS;7894.0;6
2;40473.0;Vinnie;Remy;SEASHELLS;7891.0;7
2;40478.0;Vinnie;Remy;SEASHELLS;7893.0;5
2;40479.0;Remy;Vinnie;SEASHELLS;7895.0;7
2;40493.0;Vinnie;Remy;SEASHELLS;7896.0;8
2;40497.0;Vinnie;Vladimir;SEASHELLS;7897.0;6
2;40506.0;Vinnie;Vladimir;SEASHELLS;7899.0;6
2;40535.0;Vinnie;Remy;SEASHELLS;7892.0;6
2;40540.0;Vinnie;Remy;SEASHELLS;7889.0;7
2;40552.0;Vinnie;Remy;SEASHELLS;7890.0;7
2;40553.0;Remy;Vinnie;SEASHELLS;7892.0;5
2;40562.0;Remy;Vinnie;SEASHELLS;7889.0;8
2;40593.0;Vinnie;Remy;SEASHELLS;7896.0;6
2;40599.0;Vinnie;Remy;SEASHELLS;7896.0;8
2;40613.0;Vinnie;Vladimir;SEASHELLS;7899.0;10
2;40642.0;Remy;Vinnie;SEASHELLS;7903.0;6
2;40652.0;Vinnie;Vladimir;SEASHELLS;7900.0;8
2;40653.0;Remy;Vinnie;SEASHELLS;7902.0;5
2;40654.0;Remy;Vinnie;SEASHELLS;7902.0;6
2;40655.0;Remy;Vinnie;SEASHELLS;7901.0;8
2;40656.0;Remy;Vinnie;SEASHELLS;7901.0;5
2;40685.0;Remy;Vinnie;SEASHELLS;7905.0;6
2;40699.0;Vinnie;Remy;SEASHELLS;7900.0;5
2;40707.0;Remy;Vinnie;SEASHELLS;7909.0;8
2;40712.0;Remy;Vinnie;SEASHELLS;7911.0;5
2;40716.0;Vinnie;Vladimir;SEASHELLS;7908.0;10
2;40727.0;Vinnie;Remy;SEASHELLS;7906.0;7
2;40745.0;Remy;Vinnie;SEASHELLS;7906.0;5
2;40745.0;Vinnie;Vladimir;SEASHELLS;7904.0;6
2;40752.0;Vinnie;Remy;SEASHELLS;7905.0;6
2;40766.0;Remy;Vinnie;SEASHELLS;7910.0;5
2;40769.0;Vinnie;Vladimir;SEASHELLS;7911.0;7
2;40770.0;Vinnie;Remy;SEASHELLS;7911.0;5
2;40773.0;Vinnie;Vladimir;SEASHELLS;7910.0;9
2;40776.0;Vinnie;Vladimir;SEASHELLS;7911.0;4
2;40791.0;Remy;Vinnie;SEASHELLS;7911.0;8
2;40793.0;Vinnie;Vladimir;SEASHELLS;7909.0;8
2;40806.0;Vinnie;Remy;SEASHELLS;7906.0;5
2;40809.0;Remy;Vinnie;SEASHELLS;7906.0;5
2;40817.0;Vinnie;Remy;SEASHELLS;7901.0;8
2;40818.0;Remy;Vinnie;SEASHELLS;7903.0;5
2;40829.0;Vinnie;Remy;SEASHELLS;7902.0;5
2;40832.0;Remy;Vinnie;SEASHELLS;7904.0;8
2;40857.0;Vinnie;Remy;SEASHELLS;7901.0;8
2;40896.0;Remy;Vinnie;SEASHELLS;7902.0;7
2;40899.0;Vinnie;Vladimir;SEASHELLS;7900.0;10
2;40919.0;Vinnie;Remy;SEASHELLS;7901.0;6
2;40940.0;Vinnie;Vladimir;SEASHELLS;7904.0;8
2;40964.0;Vinnie;Vladimir;SEASHELLS;7898.0;4
2;40968.0;Vinnie;Vladimir;SEASHELLS;7898.0;10
2;40982.0;Remy;Vinnie;SEASHELLS;7900.0;5
2;40986.0;Vinnie;Vladimir;SEASHELLS;7899.0;4
2;40995.0;Remy;Vinnie;SEASHELLS;7897.0;8
2;41024.0;Remy;Vinnie;SEASHELLS;7905.0;7
2;41030.0;Vinnie;Remy;SEASHELLS;7898.0;7
2;41037.0;Vinnie;Remy;SEASHELLS;7897.0;5
2;41052.0;Vinnie;Vladimir;SEASHELLS;7893.0;6
2;41071.0;Remy;Vinnie;SEASHELLS;7894.0;5
2;41082.0;Remy;Vinnie;SEASHELLS;7900.0;7
2;41095.0;Vinnie;Remy;SEASHELLS;7898.0;6
2;41101.0;Vinnie;Remy;SEASHELLS;7901.0;7
2;41108.0;Vinnie;Remy;SEASHELLS;7903.0;6
2;41116.0;Remy;Vinnie;SEASHELLS;7908.0;6
2;41148.0;Remy;Vinnie;SEASHELLS;7893.0;6
2;41170.0;Vinnie;Remy;SEASHELLS;7895.0;8
2;41199.0;Remy;Vinnie;SEASHELLS;7908.0;8
2;41201.0;Vinnie;Remy;SEASHELLS;7906.0;5
2;41202.0;Vinnie;Remy;SEASHELLS;7907.0;8
2;41204.0;Vinnie;Remy;SEASHELLS;7908.0;7
2;41210.0;Vinnie;Vladimir;SEASHELLS;7907.0;10
2;41230.0;Vinnie;Remy;SEASHELLS;7904.0;6
2;41233.0;Vinnie;Remy;SEASHELLS;7904.0;6
2;41244.0;Vinnie;Vladimir;SEASHELLS;7897.0;10
2;41265.0;Vinnie;Remy;SEASHELLS;7896.0;8
2;41274.0;Vinnie;Vladimir;SEASHELLS;7898.0;10
2;41278.0;Remy;Vinnie;SEASHELLS;7902.0;8
2;41283.0;Vinnie;Remy;SEASHELLS;7898.0;5
2;41291.0;Vinnie;Vladimir;SEASHELLS;7896.0;5
2;41300.0;Remy;Vinnie;SEASHELLS;7896.0;5
2;41303.0;Vinnie;Remy;SEASHELLS;7894.0;8
2;41304.0;Remy;Vinnie;SEASHELLS;7896.0;8
2;41306.0;Vinnie;Remy;SEASHELLS;7894.0;7
2;41315.0;Remy;Vinnie;SEASHELLS;7894.0;5
2;41347.0;Remy;Vinnie;SEASHELLS;7896.0;8
2;41349.0;Remy;Vinnie;SEASHELLS;7895.0;5
2;41367.0;Vinnie;Remy;SEASHELLS;7893.0;7
2;41383.0;Remy;Vinnie;SEASHELLS;7897.0;8
2;41384.0;Vinnie;Remy;SEASHELLS;7896.0;6
2;41394.0;Vinnie;Vladimir;SEASHELLS;7898.0;5
2;41402.0;Remy;Vinnie;SEASHELLS;7901.0;6
2;41405.0;Remy;Vinnie;SEASHELLS;7901.0;7
2;41411.0;Remy;Vinnie;SEASHELLS;7901.0;5
2;41420.0;Vinnie;Remy;SEASHELLS;7902.0;7
2;41423.0;Vinnie;Remy;SEASHELLS;7900.0;8
2;41424.0;Vinnie;Remy;SEASHELLS;7898.0;6
2;41426.0;Remy;Vinnie;SEASHELLS;7899.0;5
2;41440.0;Vinnie;Vladimir;SEASHELLS;7896.0;8
2;41441.0;Remy;Vinnie;SEASHELLS;7898.0;5
2;41444.0;Vinnie;Vladimir;SEASHELLS;7897.0;6
2;41455.0;Remy;Vinnie;SEASHELLS;7901.0;6
2;41465.0;Remy;Vinnie;SEASHELLS;7897.0;7
2;41479.0;Vinnie;Remy;SEASHELLS;7896.0;5
2;41519.0;Vinnie;Vladimir;SEASHELLS;7892.0;7
2;41534.0;Vinnie;Remy;SEASHELLS;7888.0;7
2;41538.0;Remy;Vinnie;SEASHELLS;7889.0;5
2;41541.0;Vinnie;Vladimir;SEASHELLS;7886.0;4
2;41547.0;Vinnie;Vladimir;SEASHELLS;7886.0;5
2;41548.0;Remy;Vinnie;SEASHELLS;7886.0;8
2;41570.0;Remy;Vinnie;SEASHELLS;7880.0;7
2;41589.0;Vinnie;Remy;SEASHELLS;7883.0;7
2;41601.0;Vinnie;Remy;SEASHELLS;7879.0;8
2;41612.0;Remy;Vinnie;SEASHELLS;7876.0;6
2;41626.0;Vinnie;Vladimir;SEASHELLS;7876.0;7
2;41657.0;Vinnie;Remy;SEASHELLS;7875.0;7
2;41674.0;Vinnie;Remy;SEASHELLS;7873.0;7
2;41678.0;Vinnie;Remy;SEASHELLS;7871.0;6
2;41686.0;Vinnie;Remy;SEASHELLS;7876.0;5
2;41705.0;Vinnie;Remy;SEASHELLS;7871.0;7
2;41720.0;Vinnie;Vladimir;SEASHELLS;7873.0;10
2;41732.0;Vinnie;Remy;SEASHELLS;7873.0;8
2;41733.0;Vinnie;Remy;SEASHELLS;7872.0;5
2;41749.0;Vinnie;Remy;SEASHELLS;7878.0;8
2;41763.0;Remy;Vinnie;SEASHELLS;7877.0;6
2;41769.0;Remy;Vinnie;SEASHELLS;7876.0;7
2;41771.0;Vinnie;Remy;SEASHELLS;7876.0;7
2;41773.0;Remy;Vinnie;SEASHELLS;7877.0;7
2;41781.0;Vinnie;Remy;SEASHELLS;7874.0;7
2;41794.0;Remy;Vinnie;SEASHELLS;7874.0;5
2;41817.0;Remy;Vinnie;SEASHELLS;7881.0;5
2;41828.0;Remy;Vinnie;SEASHELLS;7881.0;5
2;41830.0;Vinnie;Vladimir;SEASHELLS;7879.0;5
2;41837.0;Vinnie;Remy;SEASHELLS;7876.0;8
2;41839.0;Vinnie;Vladimir;SEASHELLS;7877.0;9
2;41846.0;Remy;Vinnie;SEASHELLS;7878.0;5
2;41850.0;Vinnie;Vladimir;SEASHELLS;7876.0;7
2;41855.0;Remy;Vinnie;SEASHELLS;7878.0;8
2;41884.0;Vinnie;Remy;SEASHELLS;7880.0;6
2;41889.0;Vinnie;Remy;SEASHELLS;7877.0;6
2;41891.0;Remy;Vinnie;SEASHELLS;7879.0;5
2;41899.0;Remy;Vinnie;SEASHELLS;7878.0;6
2;41905.0;Remy;Vinnie;SEASHELLS;7877.0;5
2;41917.0;Remy;Vinnie;SEASHELLS;7868.0;8
2;41919.0;Vinnie;Remy;SEASHELLS;7865.0;6
2;41925.0;Vinnie;Remy;SEASHELLS;7863.0;6
2;41928.0;Vinnie;Remy;SEASHELLS;7861.0;5
2;41942.0;Vinnie;Vladimir;SEASHELLS;7862.0;4
2;41945.0;Remy;Vinnie;SEASHELLS;7862.0;7
2;41988.0;Vinnie;Vladimir;SEASHELLS;7858.0;8
2;42021.0;Remy;Vinnie;SEASHELLS;7860.0;5
2;42034.0;Vinnie;Remy;SEASHELLS;7860.0;5
2;42036.0;Vinnie;Remy;SEASHELLS;7860.0;6
2;42039.0;Remy;Vinnie;SEASHELLS;7859.0;6
2;42047.0;Vinnie;Vladimir;SEASHELLS;7861.0;8
2;42061.0;Vinnie;Remy;SEASHELLS;7852.0;8
2;42063.0;Vinnie;Remy;SEASHELLS;7850.0;7
2;42073.0;Vinnie;Vladimir;SEASHELLS;7850.0;10
2;42074.0;Vinnie;Remy;SEASHELLS;7850.0;6
2;42089.0;Remy;Vinnie;SEASHELLS;7851.0;5
2;42093.0;Remy;Vinnie;SEASHELLS;7853.0;8
2;42099.0;Remy;Vinnie;SEASHELLS;7853.0;6
2;42102.0;Vinnie;Vladimir;SEASHELLS;7852.0;5
2;42103.0;Vinnie;Remy;SEASHELLS;7851.0;5
2;42111.0;Remy;Vinnie;SEASHELLS;7852.0;5
2;42123.0;Remy;Vinnie;SEASHELLS;7846.0;7
2;42133.0;Vinnie;Vladimir;SEASHELLS;7842.0;8
2;42162.0;Vinnie;Remy;SEASHELLS;7837.0;6
2;42171.0;Vinnie;Remy;SEASHELLS;7836.0;5
2;42191.0;Vinnie;Remy;SEASHELLS;7835.0;7
2;42192.0;Remy;Vinnie;SEASHELLS;7836.0;7
2;42193.0;Vinnie;Remy;SEASHELLS;7832.0;7
2;42197.0;Vinnie;Remy;SEASHELLS;7831.0;7
2;42200.0;Remy;Vinnie;SEASHELLS;7831.0;7
2;42203.0;Vinnie;Remy;SEASHELLS;7829.0;7
2;42210.0;Vinnie;Remy;SEASHELLS;7828.0;7
2;42215.0;Vinnie;Remy;SEASHELLS;7828.0;7
2;42221.0;Vinnie;Vladimir;SEASHELLS;7826.0;9
2;42225.0;Remy;Vinnie;SEASHELLS;7825.0;7
2;42237.0;Vinnie;Remy;SEASHELLS;7819.0;8
2;42248.0;Remy;Vinnie;SEASHELLS;7823.0;7
2;42253.0;Remy;Vinnie;SEASHELLS;7825.0;8
2;42265.0;Vinnie;Remy;SEASHELLS;7823.0;6
2;42272.0;Remy;Vinnie;SEASHELLS;7822.0;5
2;42278.0;Remy;Vinnie;SEASHELLS;7820.0;5
2;42316.0;Vinnie;Remy;SEASHELLS;7829.0;7
2;42319.0;Remy;Vinnie;SEASHELLS;7829.0;5
2;42322.0;Vinnie;Remy;SEASHELLS;7825.0;6
2;42323.0;Vinnie;Vladimir;SEASHELLS;7826.0;4
2;42344.0;Remy;Vinnie;SEASHELLS;7822.0;7
2;42375.0;Vinnie;Remy;SEASHELLS;7814.0;7
2;42389.0;Vinnie;Vladimir;SEASHELLS;7815.0;7
2;42404.0;Remy;Vinnie;SEASHELLS;7818.0;6
2;42426.0;Remy;Vinnie;SEASHELLS;7817.0;8
2;42434.0;Remy;Vinnie;SEASHELLS;7816.0;5
2;42441.0;Remy;Vinnie;SEASHELLS;7813.0;6
2;42444.0;Vinnie;Remy;SEASHELLS;7813.0;8
2;42445.0;Vinnie;Vladimir;SEASHELLS;7813.0;8
2;42458.0;Vinnie;Remy;SEASHELLS;7812.0;8
2;42494.0;Vinnie;Remy;SEASHELLS;7810.0;5
2;42500.0;Vinnie;Remy;SEASHELLS;7812.0;7
2;42511.0;Remy;Vinnie;SEASHELLS;7816.0;5
2;42548.0;Vinnie;Remy;SEASHELLS;7816.0;6
2;42551.0;Remy;Vinnie;SEASHELLS;7815.0;5
2;42556.0;Vinnie;Remy;SEASHELLS;7809.0;6
2;42580.0;Vinnie;Remy;SEASHELLS;7806.0;8
2;42600.0;Remy;Vinnie;SEASHELLS;7803.0;6
2;42602.0;Remy;Vinnie;SEASHELLS;7803.0;5
2;42621.0;Remy;Vinnie;SEASHELLS;7806.0;6
2;42624.0;Remy;Vinnie;SEASHELLS;7804.0;6
2;42631.0;Vinnie;Remy;SEASHELLS;7802.0;8
2;42636.0;Vinnie;Remy;SEASHELLS;7799.0;5
2;42665.0;Vinnie;Remy;SEASHELLS;7799.0;6
2;42675.0;Remy;Vinnie;SEASHELLS;7795.0;8
2;42683.0;Remy;Vinnie;SEASHELLS;7799.0;8
2;42705.0;Remy;Vinnie;SEASHELLS;7799.0;5
2;42710.0;Remy;Vinnie;SEASHELLS;7799.0;8
2;42718.0;Remy;Vinnie;SEASHELLS;7798.0;7
2;42729.0;Remy;Vinnie;SEASHELLS;7802.0;6
2;42759.0;Vinnie;Vladimir;SEASHELLS;7808.0;8
2;42761.0;Remy;Vinnie;SEASHELLS;7809.0;7
2;42763.0;Vinnie;Vladimir;SEASHELLS;7808.0;4
2;42768.0;Remy;Vinnie;SEASHELLS;7807.0;6
2;42776.0;Vinnie;Vladimir;SEASHELLS;7807.0;5
2;42783.0;Vinnie;Vladimir;SEASHELLS;7808.0;6
2;42824.0;Remy;Vinnie;SEASHELLS;7796.0;6
2;42866.0;Vinnie;Remy;SEASHELLS;7781.0;6
2;42894.0;Vinnie;Remy;SEASHELLS;7790.0;8
2;42896.0;Vinnie;Remy;SEASHELLS;7792.0;5
2;42917.0;Vinnie;Remy;SEASHELLS;7784.0;6
2;42924.0;Remy;Vinnie;SEASHELLS;7784.0;8
2;42928.0;Vinnie;Vladimir;SEASHELLS;7786.0;9
2;42943.0;Remy;Vinnie;SEASHELLS;7782.0;5
2;42972.0;Remy;Vinnie;SEASHELLS;7776.0;8
2;42986.0;Vinnie;Remy;SEASHELLS;7777.0;6
2;43012.0;Vinnie;Remy;SEASHELLS;7775.0;8
2;43014.0;Vinnie;Vladimir;SEASHELLS;7773.0;6
2;43017.0;Remy;Vinnie;SEASHELLS;7773.0;5
2;43018.0;Vinnie;Vladimir;SEASHELLS;7771.0;6
2;43023.0;Vinnie;Vladimir;SEASHELLS;7771.0;10
2;43028.0;Vinnie;Remy;SEASHELLS;7771.0;8
2;43037.0;Vinnie;Vladimir;SEASHELLS;7775.0;8
2;43044.0;Remy;Vinnie;SEASHELLS;7776.0;5
2;43050.0;Remy;Vinnie;SEASHELLS;7780.0;7
2;43051.0;Remy;Vinnie;SEASHELLS;7781.0;8
2;43063.0;Vinnie;Remy;SEASHELLS;7778.0;6
2;43068.0;Remy;Vinnie;SEASHELLS;7779.0;6
2;43070.0;Vinnie;Remy;SEASHELLS;7779.0;5
2;43081.0;Remy;Vinnie;SEASHELLS;7780.0;7
2;43086.0;Vinnie;Remy;SEASHELLS;7775.0;6
2;43089.0;Remy;Vinnie;SEASHELLS;7776.0;5
2;43093.0;Vinnie;Remy;SEASHELLS;7773.0;5
2;43096.0;Remy;Vinnie;SEASHELLS;7775.0;7
2;43121.0;Vinnie;Remy;SEASHELLS;7763.0;6
2;43128.0;Remy;Vinnie;SEASHELLS;7760.0;5
2;43132.0;Vinnie;Remy;SEASHELLS;7760.0;6
2;43134.0;Vinnie;Remy;SEASHELLS;7762.0;8
2;43145.0;Vinnie;Remy;SEASHELLS;7761.0;8
2;43170.0;Remy;Vinnie;SEASHELLS;7758.0;8
2;43177.0;Remy;Vinnie;SEASHELLS;7757.0;6
2;43191.0;Vinnie;Vladimir;SEASHELLS;7755.0;7
2;43200.0;Vinnie;Vladimir;SEASHELLS;7758.0;4
2;43203.0;Vinnie;Remy;SEASHELLS;7755.0;7
2;43207.0;Vinnie;Remy;SEASHELLS;7756.0;8
2;43220.0;Remy;Vinnie;SEASHELLS;7759.0;8
2;43222.0;Vinnie;Vladimir;SEASHELLS;7756.0;5
2;43225.0;Remy;Vinnie;SEASHELLS;7761.0;8
2;43239.0;Remy;Vinnie;SEASHELLS;7767.0;5
2;43242.0;Vinnie;Remy;SEASHELLS;7765.0;5
2;43254.0;Remy;Vinnie;SEASHELLS;7767.0;7
2;43258.0;Remy;Vinnie;SEASHELLS;7769.0;8
2;43276.0;Vinnie;Remy;SEASHELLS;7770.0;6
2;43277.0;Remy;Vinnie;SEASHELLS;7771.0;6
2;43290.0;Remy;Vinnie;SEASHELLS;7768.0;5
2;43296.0;Vinnie;Remy;SEASHELLS;7766.0;5
2;43310.0;Vinnie;Vladimir;SEASHELLS;7763.0;10
2;43324.0;Remy;Vinnie;SEASHELLS;7767.0;8
2;43335.0;Vinnie;Remy;SEASHELLS;7768.0;7
2;43339.0;Vinnie;Vladimir;SEASHELLS;7773.0;8
2;43359.0;Remy;Vinnie;SEASHELLS;7774.0;6
2;43368.0;Vinnie;Remy;SEASHELLS;7772.0;6
2;43379.0;Remy;Vinnie;SEASHELLS;7773.0;5
2;43386.0;Remy;Vinnie;SEASHELLS;7775.0;8
2;43417.0;Remy;Vinnie;SEASHELLS;7778.0;8
2;43431.0;Vinnie;Remy;SEASHELLS;7779.0;5
2;43432.0;Vinnie;Vladimir;SEASHELLS;7778.0;9
2;43436.0;Remy;Vinnie;SEASHELLS;7780.0;5
2;43449.0;Vinnie;Remy;SEASHELLS;7777.0;5
2;43454.0;Remy;Vinnie;SEASHELLS;7777.0;7
2;43455.0;Vinnie;Remy;SEASHELLS;7777.0;5
2;43472.0;Vinnie;Vladimir;SEASHELLS;7779.0;9
2;43473.0;Vinnie;Vladimir;SEASHELLS;7779.0;8
2;43475.0;Remy;Vinnie;SEASHELLS;7782.0;5
2;43497.0;Remy;Vinnie;SEASHELLS;7785.0;7
2;43507.0;Vinnie;Remy;SEASHELLS;7782.0;5
2;43519.0;Remy;Vinnie;SEASHELLS;7790.0;7
2;43524.0;Vinnie;Vladimir;SEASHELLS;7786.0;9
2;43542.0;Remy;Vinnie;SEASHELLS;7787.0;6
2;43543.0;Vinnie;Remy;SEASHELLS;7786.0;7
2;43554.0;Vinnie;Remy;SEASHELLS;7781.0;8
2;43559.0;Remy;Vinnie;SEASHELLS;7785.0;5
2;43577.0;Remy;Vinnie;SEASHELLS;7792.0;5
2;43610.0;Remy;Vinnie;SEASHELLS;7784.0;8
2;43613.0;Remy;Vinnie;SEASHELLS;7786.0;6
2;43622.0;Remy;Vinnie;SEASHELLS;7784.0;6
2;43627.0;Remy;Vinnie;SEASHELLS;7788.0;6
2;43631.0;Vinnie;Remy;SEASHELLS;7791.0;6
2;43644.0;Vinnie;Vladimir;SEASHELLS;7789.0;7
2;43646.0;Vinnie;Vladimir;SEASHELLS;7788.0;6
2;43694.0;Vinnie;Vladimir;SEASHELLS;7783.0;7
2;43712.0;Remy;Vinnie;SEASHELLS;7778.0;7
2;43718.0;Remy;Vinnie;SEASHELLS;7778.0;8
2;43722.0;Vinnie;Remy;SEASHELLS;7778.0;6
2;43729.0;Remy;Vinnie;SEASHELLS;7775.0;8
2;43734.0;Remy;Vinnie;SEASHELLS;7776.0;7
2;43741.0;Vinnie;Remy;SEASHELLS;7773.0;7
2;43745.0;Remy;Vinnie;SEASHELLS;7776.0;5
2;43752.0;Vinnie;Remy;SEASHELLS;7777.0;5
2;43758.0;Vinnie;Remy;SEASHELLS;7779.0;8
2;43782.0;Remy;Vinnie;SEASHELLS;7784.0;8
2;43799.0;Vinnie;Remy;SEASHELLS;7779.0;7
2;43807.0;Vinnie;Remy;SEASHELLS;7780.0;6
2;43821.0;Remy;Vinnie;SEASHELLS;7783.0;7
2;43824.0;Vinnie;Vladimir;SEASHELLS;7783.0;6
2;43825.0;Vinnie;Remy;SEASHELLS;7783.0;8
2;43829.0;Vinnie;Remy;SEASHELLS;7781.0;7
2;43853.0;Vinnie;Remy;SEASHELLS;7786.0;6
2;43854.0;Remy;Vinnie;SEASHELLS;7788.0;8
2;43905.0;Remy;Vinnie;SEASHELLS;7781.0;8
2;43920.0;Vinnie;Remy;SEASHELLS;7774.0;6
2;43926.0;Vinnie;Remy;SEASHELLS;7772.0;8
2;43935.0;Vinnie;Vladimir;SEASHELLS;7777.0;7
2;43965.0;Vinnie;Remy;SEASHELLS;7776.0;7
2;43968.0;Remy;Vinnie;SEASHELLS;7777.0;6
2;43972.0;Remy;Vinnie;SEASHELLS;7781.0;5
2;43980.0;Vinnie;Remy;SEASHELLS;7784.0;6
2;43980.0;Vinnie;Vladimir;SEASHELLS;7784.0;9
2;43982.0;Vinnie;Remy;SEASHELLS;7785.0;8
2;44001.0;Remy;Vinnie;SEASHELLS;7787.0;7
2;44009.0;Vinnie;Remy;SEASHELLS;7788.0;8
2;44013.0;Vinnie;Remy;SEASHELLS;7789.0;5
2;44015.0;Vinnie;Remy;SEASHELLS;7789.0;6
2;44017.0;Vinnie;Remy;SEASHELLS;7791.0;5
2;44021.0;Vinnie;Remy;SEASHELLS;7787.0;6
2;44032.0;Remy;Vinnie;SEASHELLS;7787.0;6
2;44033.0;Vinnie;Vladimir;SEASHELLS;7787.0;6
2;44037.0;Vinnie;Remy;SEASHELLS;7785.0;8
2;44047.0;Vinnie;Vladimir;SEASHELLS;7782.0;4
2;44057.0;Remy;Vinnie;SEASHELLS;7781.0;5
2;44076.0;Vinnie;Remy;SEASHELLS;7785.0;7
2;44077.0;Vinnie;Vladimir;SEASHELLS;7786.0;6
2;44084.0;Remy;Vinnie;SEASHELLS;7788.0;7
2;44100.0;Vinnie;Vladimir;SEASHELLS;7788.0;6
2;44121.0;Vinnie;Remy;SEASHELLS;7781.0;7
2;44124.0;Vinnie;Vladimir;SEASHELLS;7784.0;8
2;44126.0;Remy;Vinnie;SEASHELLS;7785.0;5
2;44140.0;Vinnie;Vladimir;SEASHELLS;7783.0;10
2;44158.0;Remy;Vinnie;SEASHELLS;7784.0;6
2;44165.0;Vinnie;Remy;SEASHELLS;7780.0;7
2;44168.0;Vinnie;Remy;SEASHELLS;7780.0;8
2;44197.0;Remy;Vinnie;SEASHELLS;7785.0;6
2;44207.0;Vinnie;Vladimir;SEASHELLS;7786.0;7
2;44208.0;Vinnie;Vladimir;SEASHELLS;7787.0;10
2;44245.0;Remy;Vinnie;SEASHELLS;7785.0;8
2;44262.0;Remy;Vinnie;SEASHELLS;7787.0;5
2;44288.0;Vinnie;Remy;SEASHELLS;7791.0;5
2;44293.0;Remy;Vinnie;SEASHELLS;7791.0;6
2;44302.0;Vinnie;Remy;SEASHELLS;7785.0;8
2;44309.0;Vinnie;Vladimir;SEASHELLS;7786.0;8
2;44325.0;Remy;Vinnie;SEASHELLS;7781.0;5
2;44337.0;Vinnie;Vladimir;SEASHELLS;7782.0;8
2;44345.0;Vinnie;Remy;SEASHELLS;7780.0;7
2;44368.0;Vinnie;Vladimir;SEASHELLS;7770.0;10
2;44385.0;Vinnie;Vladimir;SEASHELLS;7773.0;8
2;44388.0;Remy;Vinnie;SEASHELLS;7772.0;7
2;44413.0;Vinnie;Remy;SEASHELLS;7768.0;8
2;44423.0;Vinnie;Remy;SEASHELLS;7763.0;7
2;44427.0;Vinnie;Remy;SEASHELLS;7763.0;7
2;44434.0;Remy;Vinnie;SEASHELLS;7768.0;8
2;44440.0;Vinnie;Vladimir;SEASHELLS;7769.0;8
2;44449.0;Vinnie;Remy;SEASHELLS;7770.0;8
2;44451.0;Vinnie;Remy;SEASHELLS;7768.0;7
2;44486.0;Vinnie;Vladimir;SEASHELLS;7759.0;4
2;44489.0;Vinnie;Remy;SEASHELLS;7762.0;8
2;44509.0;Vinnie;Remy;SEASHELLS;7768.0;6
2;44522.0;Vinnie;Remy;SEASHELLS;7772.0;7
2;44528.0;Vinnie;Remy;SEASHELLS;7773.0;5
2;44547.0;Remy;Vinnie;SEASHELLS;7770.0;6
2;44548.0;Remy;Vinnie;SEASHELLS;7771.0;5
2;44571.0;Remy;Vinnie;SEASHELLS;7771.0;5
2;44577.0;Vinnie;Remy;SEASHELLS;7768.0;7
2;44579.0;Remy;Vinnie;SEASHELLS;7768.0;8
2;44591.0;Vinnie;Remy;SEASHELLS;7765.0;7
2;44620.0;Remy;Vinnie;SEASHELLS;7766.0;7
2;44622.0;Remy;Vinnie;SEASHELLS;7764.0;5
2;44660.0;Vinnie;Vladimir;SEASHELLS;7751.0;4
2;44668.0;Vinnie;Remy;SEASHELLS;7753.0;8
2;44698.0;Vinnie;Remy;SEASHELLS;7753.0;6
2;44699.0;Remy;Vinnie;SEASHELLS;7755.0;6
2;44714.0;Remy;Vinnie;SEASHELLS;7750.0;6
2;44737.0;Vinnie;Remy;SEASHELLS;7740.0;7
2;44738.0;Vinnie;Remy;SEASHELLS;7740.0;7
2;44741.0;Remy;Vinnie;SEASHELLS;7740.0;8
2;44745.0;Remy;Vinnie;SEASHELLS;7738.0;6
2;44747.0;Vinnie;Vladimir;SEASHELLS;7739.0;9
2;44752.0;Vinnie;Remy;SEASHELLS;7740.0;6
2;44755.0;Vinnie;Remy;SEASHELLS;7737.0;6
2;44763.0;Vinnie;Vladimir;SEASHELLS;7736.0;9
2;44768.0;Vinnie;Vladimir;SEASHELLS;7734.0;5
2;44771.0;Remy;Vinnie;SEASHELLS;7736.0;6
2;44781.0;Vinnie;Remy;SEASHELLS;7732.0;8
2;44782.0;Remy;Vinnie;SEASHELLS;7734.0;7
2;44789.0;Vinnie;Vladimir;SEASHELLS;7729.0;5
2;44790.0;Remy;Vinnie;SEASHELLS;7729.0;5
2;44796.0;Vinnie;Remy;SEASHELLS;7735.0;6
2;44823.0;Vinnie;Vladimir;SEASHELLS;7729.0;6
2;44826.0;Vinnie;Vladimir;SEASHELLS;7726.0;5
2;44829.0;Vinnie;Vladimir;SEASHELLS;7727.0;4
2;44829.0;Vinnie;Remy;SEASHELLS;7727.0;8
2;44850.0;Vinnie;Remy;SEASHELLS;7733.0;8
2;44856.0;Vinnie;Remy;SEASHELLS;7735.0;6
2;44859.0;Remy;Vinnie;SEASHELLS;7737.0;8
2;44864.0;Remy;Vinnie;SEASHELLS;7734.0;7
2;44868.0;Vinnie;Remy;SEASHELLS;7732.0;6
2;44870.0;Vinnie;Vladimir;SEASHELLS;7731.0;5
2;44880.0;Vinnie;Remy;SEASHELLS;7732.0;6
2;44920.0;Vinnie;Vladimir;SEASHELLS;7728.0;7
2;44927.0;Vinnie;Remy;SEASHELLS;7726.0;8
2;44937.0;Vinnie;Remy;SEASHELLS;7726.0;7
2;44947.0;Vinnie;Remy;SEASHELLS;7730.0;7
2;44953.0;Vinnie;Remy;SEASHELLS;7730.0;7
2;44956.0;Vinnie;Remy;SEASHELLS;7731.0;5
2;44963.0;Remy;Vinnie;SEASHELLS;7733.0;8
2;44971.0;Remy;Vinnie;SEASHELLS;7732.0;5
2;44972.0;Remy;Vinnie;SEASHELLS;7731.0;5
2;44976.0;Remy;Vinnie;SEASHELLS;7730.0;8
2;45006.0;Remy;Vinnie;SEASHELLS;7728.0;5
2;45011.0;Vinnie;Vladimir;SEASHELLS;7725.0;4
2;45019.0;Vinnie;Remy;SEASHELLS;7731.0;5
2;45023.0;Remy;Vinnie;SEASHELLS;7733.0;6
2;45025.0;Vinnie;Remy;SEASHELLS;7732.0;8
2;45067.0;Vinnie;Vladimir;SEASHELLS;7734.0;10
2;45078.0;Vinnie;Vladimir;SEASHELLS;7735.0;10
2;45089.0;Vinnie;Remy;SEASHELLS;7735.0;7
2;45121.0;Vinnie;Remy;SEASHELLS;7741.0;8
2;45124.0;Vinnie;Vladimir;SEASHELLS;7741.0;10
2;45125.0;Vinnie;Vladimir;SEASHELLS;7741.0;7
2;45146.0;Remy;Vinnie;SEASHELLS;7733.0;5
2;45157.0;Remy;Vinnie;SEASHELLS;7735.0;6
