day;timestamp;bid_price_1;bid_volume_1;bid_price_2;bid_volume_2;bid_price_3;bid_volume_3;ask_price_1;ask_volume_1;ask_price_2;ask_volume_2;ask_price_3;ask_volume_3;mid_price;profit_and_loss
0;20001.0;7999;111;0.0;0.0;0.0;0.0;8001;111;0.0;0.0;0.0;0.0;8000.0;0.0
0;20002.0;8001;52;8000.0;95.0;0.0;0.0;8002;147;0.0;0.0;0.0;0.0;8001.5;0.0
0;20003.0;8000;152;0.0;0.0;0.0;0.0;8002;152;0.0;0.0;0.0;0.0;8001.0;0.0
0;20004.0;8002;44;8001.0;84.0;0.0;0.0;8003;128;0.0;0.0;0.0;0.0;8002.5;0.0
0;20005.0;8001;118;0.0;0.0;0.0;0.0;8003;118;0.0;0.0;0.0;0.0;8002.0;0.0
0;20006.0;8001;98;0.0;0.0;0.0;0.0;8002;40;8003.0;58.0;0.0;0.0;8001.5;0.0
0;20007.0;8001;109;0.0;0.0;0.0;0.0;8003;109;0.0;0.0;0.0;0.0;8002.0;0.0
0;20008.0;8003;52;8002.0;74.0;0.0;0.0;8004;52;8005.0;74.0;0.0;0.0;8003.5;0.0
0;20009.0;8002;94;0.0;0.0;0.0;0.0;8003;35;8004.0;59.0;0.0;0.0;8002.5;0.0
0;20010.0;8002;94;0.0;0.0;0.0;0.0;8003;38;8004.0;56.0;0.0;0.0;8002.5;0.0
0;20011.0;8002;55;8001.0;67.0;0.0;0.0;8003;55;8004.0;67.0;0.0;0.0;8002.5;0.0
0;20012.0;8001;61;8000.0;99.0;0.0;0.0;8002;61;8003.0;99.0;0.0;0.0;8001.5;0.0
0;20013.0;7998;113;0.0;0.0;0.0;0.0;7999;40;8000.0;73.0;0.0;0.0;7998.5;0.0
0;20014.0;8000;50;7999.0;63.0;0.0;0.0;8001;57;8002.0;63.0;0.0;0.0;8000.5;0.0
0;20015.0;7999;135;0.0;0.0;0.0;0.0;8001;135;0.0;0.0;0.0;0.0;8000.0;0.0
0;20016.0;7999;46;7998.0;90.0;0.0;0.0;8000;46;8001.0;90.0;0.0;0.0;7999.5;0.0
0;20017.0;7998;149;0.0;0.0;0.0;0.0;7999;60;8000.0;89.0;0.0;0.0;7998.5;0.0
0;20018.0;7998;42;7997.0;59.0;0.0;0.0;7999;42;8000.0;59.0;0.0;0.0;7998.5;0.0
0;20019.0;7999;58;7998.0;78.0;0.0;0.0;8000;58;8001.0;78.0;0.0;0.0;7999.5;0.0
0;20020.0;8001;58;8000.0;76.0;0.0;0.0;8002;58;8003.0;76.0;0.0;0.0;8001.5;0.0
0;20021.0;8001;112;0.0;0.0;0.0;0.0;8002;51;8003.0;61.0;0.0;0.0;8001.5;0.0
0;20022.0;8000;56;7999.0;83.0;0.0;0.0;8001;139;0.0;0.0;0.0;0.0;8000.5;0.0
0;20023.0;7999;108;0.0;0.0;0.0;0.0;8001;108;0.0;0.0;0.0;0.0;8000.0;0.0
0;20024.0;8000;53;7999.0;94.0;0.0;0.0;8001;147;0.0;0.0;0.0;0.0;8000.5;0.0
0;20025.0;8000;38;7999.0;65.0;0.0;0.0;8001;38;8002.0;65.0;0.0;0.0;8000.5;0.0
0;20026.0;8000;135;0.0;0.0;0.0;0.0;8002;135;0.0;0.0;0.0;0.0;8001.0;0.0
0;20027.0;8002;130;0.0;0.0;0.0;0.0;8004;130;0.0;0.0;0.0;0.0;8003.0;0.0
0;20028.0;8001;144;0.0;0.0;0.0;0.0;8002;61;8003.0;83.0;0.0;0.0;8001.5;0.0
0;20029.0;8001;148;0.0;0.0;0.0;0.0;8003;148;0.0;0.0;0.0;0.0;8002.0;0.0
0;20030.0;8002;103;0.0;0.0;0.0;0.0;8004;103;0.0;0.0;0.0;0.0;8003.0;0.0
0;20031.0;8002;44;8001.0;59.0;0.0;0.0;8003;44;8004.0;59.0;0.0;0.0;8002.5;0.0
0;20032.0;8002;127;0.0;0.0;0.0;0.0;8003;46;8004.0;81.0;0.0;0.0;8002.5;0.0
0;20033.0;8003;137;0.0;0.0;0.0;0.0;8005;137;0.0;0.0;0.0;0.0;8004.0;0.0
0;20034.0;8004;49;8003.0;74.0;0.0;0.0;8005;49;8006.0;74.0;0.0;0.0;8004.5;0.0
0;20035.0;8003;42;8002.0;83.0;0.0;0.0;8004;120;0.0;0.0;0.0;0.0;8003.5;0.0
0;20036.0;8003;107;0.0;0.0;0.0;0.0;8005;107;0.0;0.0;0.0;0.0;8004.0;0.0
0;20037.0;8003;142;0.0;0.0;0.0;0.0;8005;142;0.0;0.0;0.0;0.0;8004.0;0.0
0;20038.0;8002;132;0.0;0.0;0.0;0.0;8004;132;0.0;0.0;0.0;0.0;8003.0;0.0
0;20039.0;8001;110;0.0;0.0;0.0;0.0;8003;110;0.0;0.0;0.0;0.0;8002.0;0.0
0;20040.0;8001;43;8000.0;95.0;0.0;0.0;8002;43;8003.0;95.0;0.0;0.0;8001.5;0.0
0;20041.0;8002;138;0.0;0.0;0.0;0.0;8004;138;0.0;0.0;0.0;0.0;8003.0;0.0
0;20042.0;8000;145;0.0;0.0;0.0;0.0;8002;145;0.0;0.0;0.0;0.0;8001.0;0.0
0;20043.0;8000;130;0.0;0.0;0.0;0.0;8002;130;0.0;0.0;0.0;0.0;8001.0;0.0
0;20044.0;7998;39;7997.0;65.0;0.0;0.0;7999;39;8000.0;65.0;0.0;0.0;7998.5;0.0
0;20045.0;7999;131;0.0;0.0;0.0;0.0;8001;131;0.0;0.0;0.0;0.0;8000.0;0.0
0;20046.0;8000;54;7999.0;61.0;0.0;0.0;8001;54;8002.0;61.0;0.0;0.0;8000.5;0.0
0;20047.0;8001;129;0.0;0.0;0.0;0.0;8002;52;8003.0;77.0;0.0;0.0;8001.5;0.0
0;20048.0;8000;142;0.0;0.0;0.0;0.0;8001;5;8002.0;142.0;0.0;0.0;8000.5;0.0
0;20049.0;7998;144;0.0;0.0;0.0;0.0;8000;144;0.0;0.0;0.0;0.0;7999.0;0.0
0;20050.0;7997;101;0.0;0.0;0.0;0.0;7999;101;0.0;0.0;0.0;0.0;7998.0;0.0
0;20051.0;7998;154;0.0;0.0;0.0;0.0;8000;154;0.0;0.0;0.0;0.0;7999.0;0.0
0;20052.0;7999;117;0.0;0.0;0.0;0.0;8001;117;0.0;0.0;0.0;0.0;8000.0;0.0
0;20053.0;7997;52;7996.0;92.0;0.0;0.0;7998;52;7999.0;92.0;0.0;0.0;7997.5;0.0
0;20054.0;7996;124;0.0;0.0;0.0;0.0;7998;124;0.0;0.0;0.0;0.0;7997.0;0.0
0;20055.0;7996;54;7995.0;53.0;0.0;0.0;7997;54;7998.0;53.0;0.0;0.0;7996.5;0.0
0;20056.0;7996;143;0.0;0.0;0.0;0.0;7997;49;7998.0;94.0;0.0;0.0;7996.5;0.0
0;20057.0;7994;116;0.0;0.0;0.0;0.0;7995;36;7996.0;80.0;0.0;0.0;7994.5;0.0
0;20058.0;7995;110;0.0;0.0;0.0;0.0;7996;56;7997.0;54.0;0.0;0.0;7995.5;0.0
0;20059.0;7995;51;7994.0;78.0;0.0;0.0;7996;61;7997.0;78.0;0.0;0.0;7995.5;0.0
0;20060.0;7996;60;7995.0;95.0;0.0;0.0;7997;155;0.0;0.0;0.0;0.0;7996.5;0.0
0;20061.0;7996;62;7995.0;86.0;0.0;0.0;7997;62;7998.0;86.0;0.0;0.0;7996.5;0.0
0;20062.0;7997;54;7996.0;76.0;0.0;0.0;7998;54;7999.0;76.0;0.0;0.0;7997.5;0.0
0;20063.0;7996;154;0.0;0.0;0.0;0.0;7998;154;0.0;0.0;0.0;0.0;7997.0;0.0
0;20064.0;7996;101;0.0;0.0;0.0;0.0;7998;101;0.0;0.0;0.0;0.0;7997.0;0.0
0;20065.0;7996;140;0.0;0.0;0.0;0.0;7998;140;0.0;0.0;0.0;0.0;7997.0;0.0
0;20066.0;7996;63;7995.0;65.0;0.0;0.0;7997;128;0.0;0.0;0.0;0.0;7996.5;0.0
0;20067.0;7995;94;0.0;0.0;0.0;0.0;7996;41;7997.0;53.0;0.0;0.0;7995.5;0.0
0;20068.0;7996;93;0.0;0.0;0.0;0.0;7997;43;7998.0;50.0;0.0;0.0;7996.5;0.0
0;20069.0;7996;131;0.0;0.0;0.0;0.0;7998;131;0.0;0.0;0.0;0.0;7997.0;0.0
0;20070.0;7997;137;0.0;0.0;0.0;0.0;7999;137;0.0;0.0;0.0;0.0;7998.0;0.0
0;20071.0;7997;123;0.0;0.0;0.0;0.0;7999;123;0.0;0.0;0.0;0.0;7998.0;0.0
0;20072.0;7997;52;7996.0;63.0;0.0;0.0;7998;115;0.0;0.0;0.0;0.0;7997.5;0.0
0;20073.0;7998;104;0.0;0.0;0.0;0.0;7999;48;8000.0;56.0;0.0;0.0;7998.5;0.0
0;20074.0;7997;138;0.0;0.0;0.0;0.0;7999;138;0.0;0.0;0.0;0.0;7998.0;0.0
0;20075.0;7999;31;7998.0;82.0;0.0;0.0;8000;38;8001.0;82.0;0.0;0.0;7999.5;0.0
0;20076.0;8001;43;8000.0;81.0;0.0;0.0;8002;43;8003.0;81.0;0.0;0.0;8001.5;0.0
0;20077.0;8001;127;0.0;0.0;0.0;0.0;8003;127;0.0;0.0;0.0;0.0;8002.0;0.0
0;20078.0;8002;37;8001.0;66.0;0.0;0.0;8003;37;8004.0;66.0;0.0;0.0;8002.5;0.0
0;20079.0;8002;118;0.0;0.0;0.0;0.0;8004;118;0.0;0.0;0.0;0.0;8003.0;0.0
0;20080.0;8002;61;8001.0;90.0;0.0;0.0;8003;151;0.0;0.0;0.0;0.0;8002.5;0.0
0;20081.0;8002;61;8001.0;97.0;0.0;0.0;8003;158;0.0;0.0;0.0;0.0;8002.5;0.0
0;20082.0;8001;110;0.0;0.0;0.0;0.0;8003;110;0.0;0.0;0.0;0.0;8002.0;0.0
0;20083.0;8003;109;0.0;0.0;0.0;0.0;8005;109;0.0;0.0;0.0;0.0;8004.0;0.0
0;20084.0;8001;90;0.0;0.0;0.0;0.0;8003;90;0.0;0.0;0.0;0.0;8002.0;0.0
0;20085.0;8000;50;7999.0;51.0;0.0;0.0;8001;50;8002.0;51.0;0.0;0.0;8000.5;0.0
0;20086.0;8002;131;0.0;0.0;0.0;0.0;8003;65;8004.0;66.0;0.0;0.0;8002.5;0.0
0;20087.0;8003;65;8002.0;88.0;0.0;0.0;8004;153;0.0;0.0;0.0;0.0;8003.5;0.0
0;20088.0;8001;108;0.0;0.0;0.0;0.0;8003;108;0.0;0.0;0.0;0.0;8002.0;0.0
0;20089.0;8002;142;0.0;0.0;0.0;0.0;8004;142;0.0;0.0;0.0;0.0;8003.0;0.0
0;20090.0;8003;61;8002.0;95.0;0.0;0.0;8004;61;8005.0;95.0;0.0;0.0;8003.5;0.0
0;20091.0;8003;109;0.0;0.0;0.0;0.0;8004;46;8005.0;63.0;0.0;0.0;8003.5;0.0
0;20092.0;8002;142;0.0;0.0;0.0;0.0;8004;142;0.0;0.0;0.0;0.0;8003.0;0.0
0;20093.0;8003;127;0.0;0.0;0.0;0.0;8005;127;0.0;0.0;0.0;0.0;8004.0;0.0
0;20094.0;8002;113;0.0;0.0;0.0;0.0;8003;44;8004.0;69.0;0.0;0.0;8002.5;0.0
0;20095.0;8003;56;8002.0;93.0;0.0;0.0;8004;149;0.0;0.0;0.0;0.0;8003.5;0.0
0;20096.0;8002;41;8001.0;80.0;0.0;0.0;8003;121;0.0;0.0;0.0;0.0;8002.5;0.0
0;20097.0;8002;39;8001.0;85.0;0.0;0.0;8003;124;0.0;0.0;0.0;0.0;8002.5;0.0
0;20098.0;8002;120;0.0;0.0;0.0;0.0;8004;120;0.0;0.0;0.0;0.0;8003.0;0.0
0;20099.0;8002;130;0.0;0.0;0.0;0.0;8004;130;0.0;0.0;0.0;0.0;8003.0;0.0
0;20100.0;8003;116;0.0;0.0;0.0;0.0;8004;53;8005.0;63.0;0.0;0.0;8003.5;0.0
0;20101.0;8002;94;0.0;0.0;0.0;0.0;8003;40;8004.0;63.0;0.0;0.0;8002.5;0.0
0;20102.0;8001;150;0.0;0.0;0.0;0.0;8002;51;8003.0;99.0;0.0;0.0;8001.5;0.0
0;20103.0;8001;47;8000.0;52.0;0.0;0.0;8002;99;0.0;0.0;0.0;0.0;8001.5;0.0
0;20104.0;8000;134;0.0;0.0;0.0;0.0;8002;134;0.0;0.0;0.0;0.0;8001.0;0.0
0;20105.0;8001;137;0.0;0.0;0.0;0.0;8002;49;8003.0;88.0;0.0;0.0;8001.5;0.0
0;20106.0;8003;108;0.0;0.0;0.0;0.0;8004;56;8005.0;52.0;0.0;0.0;8003.5;0.0
0;20107.0;8002;150;0.0;0.0;0.0;0.0;8003;61;8004.0;89.0;0.0;0.0;8002.5;0.0
0;20108.0;8000;130;0.0;0.0;0.0;0.0;8002;130;0.0;0.0;0.0;0.0;8001.0;0.0
0;20109.0;7998;142;0.0;0.0;0.0;0.0;8000;142;0.0;0.0;0.0;0.0;7999.0;0.0
0;20110.0;7998;128;0.0;0.0;0.0;0.0;8000;128;0.0;0.0;0.0;0.0;7999.0;0.0
0;20111.0;7999;118;0.0;0.0;0.0;0.0;8000;53;8001.0;65.0;0.0;0.0;7999.5;0.0
0;20112.0;8000;56;7999.0;81.0;0.0;0.0;8001;137;0.0;0.0;0.0;0.0;8000.5;0.0
0;20113.0;7999;41;7998.0;81.0;0.0;0.0;8000;122;0.0;0.0;0.0;0.0;7999.5;0.0
0;20114.0;7999;44;7998.0;79.0;0.0;0.0;8000;123;0.0;0.0;0.0;0.0;7999.5;0.0
0;20115.0;7999;46;7998.0;87.0;0.0;0.0;8000;46;8001.0;87.0;0.0;0.0;7999.5;0.0
0;20116.0;7998;65;7997.0;99.0;0.0;0.0;7999;65;8000.0;99.0;0.0;0.0;7998.5;0.0
0;20117.0;7998;49;7997.0;55.0;0.0;0.0;7999;104;0.0;0.0;0.0;0.0;7998.5;0.0
0;20118.0;7997;141;0.0;0.0;0.0;0.0;7999;141;0.0;0.0;0.0;0.0;7998.0;0.0
0;20119.0;7999;61;7998.0;87.0;0.0;0.0;8000;61;8001.0;87.0;0.0;0.0;7999.5;0.0
0;20120.0;8000;36;7999.0;77.0;0.0;0.0;8001;113;0.0;0.0;0.0;0.0;8000.5;0.0
0;20121.0;7998;112;0.0;0.0;0.0;0.0;8000;112;0.0;0.0;0.0;0.0;7999.0;0.0
0;20122.0;8000;64;7999.0;51.0;0.0;0.0;8001;115;0.0;0.0;0.0;0.0;8000.5;0.0
0;20123.0;8000;130;0.0;0.0;0.0;0.0;8002;130;0.0;0.0;0.0;0.0;8001.0;0.0
0;20124.0;8000;124;0.0;0.0;0.0;0.0;8002;124;0.0;0.0;0.0;0.0;8001.0;0.0
0;20125.0;8001;49;8000.0;80.0;0.0;0.0;8002;49;8003.0;80.0;0.0;0.0;8001.5;0.0
0;20126.0;8004;50;8003.0;96.0;0.0;0.0;8005;43;8006.0;96.0;0.0;0.0;8004.5;0.0
0;20127.0;8005;45;8004.0;59.0;0.0;0.0;8006;104;0.0;0.0;0.0;0.0;8005.5;0.0
0;20128.0;8004;59;8003.0;91.0;0.0;0.0;8005;150;0.0;0.0;0.0;0.0;8004.5;0.0
0;20129.0;8005;137;0.0;0.0;0.0;0.0;8007;137;0.0;0.0;0.0;0.0;8006.0;0.0
0;20130.0;8006;55;8005.0;83.0;0.0;0.0;8007;138;0.0;0.0;0.0;0.0;8006.5;0.0
0;20131.0;8005;64;8004.0;61.0;0.0;0.0;8006;64;8007.0;61.0;0.0;0.0;8005.5;0.0
0;20132.0;8007;28;8006.0;66.0;0.0;0.0;8008;38;8009.0;66.0;0.0;0.0;8007.5;0.0
0;20133.0;8007;63;8006.0;64.0;0.0;0.0;8008;127;0.0;0.0;0.0;0.0;8007.5;0.0
0;20134.0;8007;115;0.0;0.0;0.0;0.0;8009;115;0.0;0.0;0.0;0.0;8008.0;0.0
0;20135.0;8006;128;0.0;0.0;0.0;0.0;8007;57;8008.0;71.0;0.0;0.0;8006.5;0.0
0;20136.0;8008;62;8007.0;53.0;0.0;0.0;8009;115;0.0;0.0;0.0;0.0;8008.5;0.0
0;20137.0;8007;38;8006.0;66.0;0.0;0.0;8008;48;8009.0;66.0;0.0;0.0;8007.5;0.0
0;20138.0;8006;131;0.0;0.0;0.0;0.0;8007;55;8008.0;83.0;0.0;0.0;8006.5;0.0
0;20139.0;8006;107;0.0;0.0;0.0;0.0;8008;107;0.0;0.0;0.0;0.0;8007.0;0.0
0;20140.0;8006;35;8005.0;68.0;0.0;0.0;8007;35;8008.0;68.0;0.0;0.0;8006.5;0.0
0;20141.0;8005;130;0.0;0.0;0.0;0.0;8006;50;8007.0;80.0;0.0;0.0;8005.5;0.0
0;20142.0;8007;147;0.0;0.0;0.0;0.0;8009;147;0.0;0.0;0.0;0.0;8008.0;0.0
0;20143.0;8008;125;0.0;0.0;0.0;0.0;8009;52;8010.0;73.0;0.0;0.0;8008.5;0.0
0;20144.0;8008;120;0.0;0.0;0.0;0.0;8009;36;8010.0;84.0;0.0;0.0;8008.5;0.0
0;20145.0;8010;110;0.0;0.0;0.0;0.0;8011;51;8012.0;59.0;0.0;0.0;8010.5;0.0
0;20146.0;8011;61;8010.0;69.0;0.0;0.0;8012;130;0.0;0.0;0.0;0.0;8011.5;0.0
0;20147.0;8010;131;0.0;0.0;0.0;0.0;8011;51;8012.0;80.0;0.0;0.0;8010.5;0.0
0;20148.0;8010;137;0.0;0.0;0.0;0.0;8012;137;0.0;0.0;0.0;0.0;8011.0;0.0
0;20149.0;8011;45;8010.0;84.0;0.0;0.0;8012;45;8013.0;84.0;0.0;0.0;8011.5;0.0
0;20150.0;8011;57;8010.0;89.0;0.0;0.0;8012;146;0.0;0.0;0.0;0.0;8011.5;0.0
0;20151.0;8011;60;8010.0;59.0;0.0;0.0;8012;60;8013.0;59.0;0.0;0.0;8011.5;0.0
0;20152.0;8010;133;0.0;0.0;0.0;0.0;8012;133;0.0;0.0;0.0;0.0;8011.0;0.0
0;20153.0;8010;55;8009.0;86.0;0.0;0.0;8011;141;0.0;0.0;0.0;0.0;8010.5;0.0
0;20154.0;8011;121;0.0;0.0;0.0;0.0;8013;121;0.0;0.0;0.0;0.0;8012.0;0.0
0;20155.0;8013;59;8012.0;100.0;0.0;0.0;8014;159;0.0;0.0;0.0;0.0;8013.5;0.0
0;20156.0;8012;44;8011.0;54.0;0.0;0.0;8013;44;8014.0;54.0;0.0;0.0;8012.5;0.0
0;20157.0;8011;105;0.0;0.0;0.0;0.0;8013;105;0.0;0.0;0.0;0.0;8012.0;0.0
0;20158.0;8012;117;0.0;0.0;0.0;0.0;8014;117;0.0;0.0;0.0;0.0;8013.0;0.0
0;20159.0;8012;104;0.0;0.0;0.0;0.0;8013;50;8014.0;54.0;0.0;0.0;8012.5;0.0
0;20160.0;8012;58;8011.0;60.0;0.0;0.0;8013;118;0.0;0.0;0.0;0.0;8012.5;0.0
0;20161.0;8010;151;0.0;0.0;0.0;0.0;8012;151;0.0;0.0;0.0;0.0;8011.0;0.0
0;20162.0;8009;160;0.0;0.0;0.0;0.0;8011;160;0.0;0.0;0.0;0.0;8010.0;0.0
0;20163.0;8011;133;0.0;0.0;0.0;0.0;8012;55;8013.0;78.0;0.0;0.0;8011.5;0.0
0;20164.0;8011;62;8010.0;95.0;0.0;0.0;8012;62;8013.0;95.0;0.0;0.0;8011.5;0.0
0;20165.0;8011;37;8010.0;68.0;0.0;0.0;8012;105;0.0;0.0;0.0;0.0;8011.5;0.0
0;20166.0;8010;52;8009.0;63.0;0.0;0.0;8011;115;0.0;0.0;0.0;0.0;8010.5;0.0
0;20167.0;8010;55;8009.0;75.0;0.0;0.0;8011;55;8012.0;75.0;0.0;0.0;8010.5;0.0
0;20168.0;8010;50;8009.0;100.0;0.0;0.0;8011;157;0.0;0.0;0.0;0.0;8010.5;0.0
0;20169.0;8009;126;0.0;0.0;0.0;0.0;8011;126;0.0;0.0;0.0;0.0;8010.0;0.0
0;20170.0;8011;40;8010.0;77.0;0.0;0.0;8012;117;0.0;0.0;0.0;0.0;8011.5;0.0
0;20171.0;8008;96;0.0;0.0;0.0;0.0;8010;96;0.0;0.0;0.0;0.0;8009.0;0.0
0;20172.0;8010;42;8009.0;84.0;0.0;0.0;8011;42;8012.0;84.0;0.0;0.0;8010.5;0.0
0;20173.0;8010;115;0.0;0.0;0.0;0.0;8012;115;0.0;0.0;0.0;0.0;8011.0;0.0
0;20174.0;8009;124;0.0;0.0;0.0;0.0;8010;57;8011.0;62.0;0.0;0.0;8009.5;0.0
0;20175.0;8009;123;0.0;0.0;0.0;0.0;8011;123;0.0;0.0;0.0;0.0;8010.0;0.0
0;20176.0;8010;112;0.0;0.0;0.0;0.0;8012;112;0.0;0.0;0.0;0.0;8011.0;0.0
0;20177.0;8010;41;8009.0;92.0;0.0;0.0;8011;133;0.0;0.0;0.0;0.0;8010.5;0.0
0;20178.0;8010;56;8009.0;95.0;0.0;0.0;8011;56;8012.0;95.0;0.0;0.0;8010.5;0.0
0;20179.0;8010;55;8009.0;58.0;0.0;0.0;8011;113;0.0;0.0;0.0;0.0;8010.5;0.0
0;20180.0;8009;43;8008.0;53.0;0.0;0.0;8010;96;0.0;0.0;0.0;0.0;8009.5;0.0
0;20181.0;8007;62;8006.0;100.0;0.0;0.0;8008;162;0.0;0.0;0.0;0.0;8007.5;0.0
0;20182.0;8007;110;0.0;0.0;0.0;0.0;8008;42;8009.0;68.0;0.0;0.0;8007.5;0.0
0;20183.0;8007;114;0.0;0.0;0.0;0.0;8009;114;0.0;0.0;0.0;0.0;8008.0;0.0
0;20184.0;8007;135;0.0;0.0;0.0;0.0;8009;135;0.0;0.0;0.0;0.0;8008.0;0.0
0;20185.0;8010;49;8009.0;55.0;0.0;0.0;8011;49;8012.0;55.0;0.0;0.0;8010.5;0.0
0;20186.0;8009;137;0.0;0.0;0.0;0.0;8011;137;0.0;0.0;0.0;0.0;8010.0;0.0
0;20187.0;8012;108;0.0;0.0;0.0;0.0;8014;108;0.0;0.0;0.0;0.0;8013.0;0.0
0;20188.0;8013;132;0.0;0.0;0.0;0.0;8015;132;0.0;0.0;0.0;0.0;8014.0;0.0
0;20189.0;8013;155;0.0;0.0;0.0;0.0;8014;64;8015.0;91.0;0.0;0.0;8013.5;0.0
0;20190.0;8013;57;8012.0;53.0;0.0;0.0;8014;57;8015.0;53.0;0.0;0.0;8013.5;0.0
0;20191.0;8015;138;0.0;0.0;0.0;0.0;8017;138;0.0;0.0;0.0;0.0;8016.0;0.0
0;20192.0;8015;44;8014.0;86.0;0.0;0.0;8016;44;8017.0;86.0;0.0;0.0;8015.5;0.0
0;20193.0;8014;127;0.0;0.0;0.0;0.0;8016;127;0.0;0.0;0.0;0.0;8015.0;0.0
0;20194.0;8014;111;0.0;0.0;0.0;0.0;8015;55;8016.0;56.0;0.0;0.0;8014.5;0.0
0;20195.0;8015;122;0.0;0.0;0.0;0.0;8016;65;8017.0;50.0;0.0;0.0;8015.5;0.0
0;20196.0;8014;35;8013.0;63.0;0.0;0.0;8015;98;0.0;0.0;0.0;0.0;8014.5;0.0
0;20197.0;8015;40;8014.0;84.0;0.0;0.0;8016;40;8017.0;84.0;0.0;0.0;8015.5;0.0
0;20198.0;8017;54;8016.0;99.0;0.0;0.0;8018;54;8019.0;99.0;0.0;0.0;8017.5;0.0
0;20199.0;8015;43;8014.0;69.0;0.0;0.0;8016;112;0.0;0.0;0.0;0.0;8015.5;0.0
0;20200.0;8015;41;8014.0;72.0;0.0;0.0;8016;113;0.0;0.0;0.0;0.0;8015.5;0.0
0;20201.0;8016;104;0.0;0.0;0.0;0.0;8018;104;0.0;0.0;0.0;0.0;8017.0;0.0
0;20202.0;8015;102;0.0;0.0;0.0;0.0;8017;102;0.0;0.0;0.0;0.0;8016.0;0.0
0;20203.0;8016;109;0.0;0.0;0.0;0.0;8018;109;0.0;0.0;0.0;0.0;8017.0;0.0
0;20204.0;8016;63;8015.0;79.0;0.0;0.0;8017;63;8018.0;79.0;0.0;0.0;8016.5;0.0
0;20205.0;8015;143;0.0;0.0;0.0;0.0;8017;143;0.0;0.0;0.0;0.0;8016.0;0.0
0;20206.0;8016;115;0.0;0.0;0.0;0.0;8018;115;0.0;0.0;0.0;0.0;8017.0;0.0
0;20207.0;8018;48;8017.0;83.0;0.0;0.0;8019;48;8020.0;83.0;0.0;0.0;8018.5;0.0
0;20208.0;8017;127;0.0;0.0;0.0;0.0;8018;61;8019.0;66.0;0.0;0.0;8017.5;0.0
0;20209.0;8019;108;0.0;0.0;0.0;0.0;8020;36;8021.0;81.0;0.0;0.0;8019.5;0.0
0;20210.0;8018;59;8017.0;65.0;0.0;0.0;8019;59;8020.0;65.0;0.0;0.0;8018.5;0.0
0;20211.0;8017;142;0.0;0.0;0.0;0.0;8018;9;8019.0;142.0;0.0;0.0;8017.5;0.0
0;20212.0;8016;106;0.0;0.0;0.0;0.0;8018;106;0.0;0.0;0.0;0.0;8017.0;0.0
0;20213.0;8016;123;0.0;0.0;0.0;0.0;8018;123;0.0;0.0;0.0;0.0;8017.0;0.0
0;20214.0;8020;117;0.0;0.0;0.0;0.0;8022;117;0.0;0.0;0.0;0.0;8021.0;0.0
0;20215.0;8020;140;0.0;0.0;0.0;0.0;8021;62;8022.0;78.0;0.0;0.0;8020.5;0.0
0;20216.0;8019;116;0.0;0.0;0.0;0.0;8021;116;0.0;0.0;0.0;0.0;8020.0;0.0
0;20217.0;8017;144;0.0;0.0;0.0;0.0;8019;144;0.0;0.0;0.0;0.0;8018.0;0.0
0;20218.0;8020;37;8019.0;65.0;0.0;0.0;8021;37;8022.0;65.0;0.0;0.0;8020.5;0.0
0;20219.0;8021;51;8020.0;61.0;0.0;0.0;8022;112;0.0;0.0;0.0;0.0;8021.5;0.0
0;20220.0;8021;120;0.0;0.0;0.0;0.0;8022;54;8023.0;66.0;0.0;0.0;8021.5;0.0
0;20221.0;8021;129;0.0;0.0;0.0;0.0;8023;129;0.0;0.0;0.0;0.0;8022.0;0.0
0;20222.0;8023;45;8022.0;54.0;0.0;0.0;8024;45;8025.0;54.0;0.0;0.0;8023.5;0.0
0;20223.0;8024;56;8023.0;80.0;0.0;0.0;8025;56;8026.0;80.0;0.0;0.0;8024.5;0.0
0;20224.0;8024;53;8023.0;64.0;0.0;0.0;8025;117;0.0;0.0;0.0;0.0;8024.5;0.0
0;20225.0;8025;123;0.0;0.0;0.0;0.0;8026;40;8027.0;83.0;0.0;0.0;8025.5;0.0
0;20226.0;8025;56;8024.0;91.0;0.0;0.0;8026;56;8027.0;91.0;0.0;0.0;8025.5;0.0
0;20227.0;8024;122;0.0;0.0;0.0;0.0;8026;122;0.0;0.0;0.0;0.0;8025.0;0.0
0;20228.0;8025;61;8024.0;84.0;0.0;0.0;8026;145;0.0;0.0;0.0;0.0;8025.5;0.0
0;20229.0;8025;125;0.0;0.0;0.0;0.0;8027;125;0.0;0.0;0.0;0.0;8026.0;0.0
0;20230.0;8025;62;8024.0;93.0;0.0;0.0;8026;155;0.0;0.0;0.0;0.0;8025.5;0.0
0;20231.0;8025;98;0.0;0.0;0.0;0.0;8027;98;0.0;0.0;0.0;0.0;8026.0;0.0
0;20232.0;8027;149;0.0;0.0;0.0;0.0;8028;56;8029.0;93.0;0.0;0.0;8027.5;0.0
0;20233.0;8026;118;0.0;0.0;0.0;0.0;8028;118;0.0;0.0;0.0;0.0;8027.0;0.0
0;20234.0;8028;128;0.0;0.0;0.0;0.0;8030;128;0.0;0.0;0.0;0.0;8029.0;0.0
0;20235.0;8028;121;0.0;0.0;0.0;0.0;8029;47;8030.0;74.0;0.0;0.0;8028.5;0.0
0;20236.0;8027;122;0.0;0.0;0.0;0.0;8029;122;0.0;0.0;0.0;0.0;8028.0;0.0
0;20237.0;8027;64;8026.0;84.0;0.0;0.0;8028;148;0.0;0.0;0.0;0.0;8027.5;0.0
0;20238.0;8028;131;0.0;0.0;0.0;0.0;8030;131;0.0;0.0;0.0;0.0;8029.0;0.0
0;20239.0;8030;100;0.0;0.0;0.0;0.0;8031;36;8032.0;64.0;0.0;0.0;8030.5;0.0
0;20240.0;8029;120;0.0;0.0;0.0;0.0;8031;120;0.0;0.0;0.0;0.0;8030.0;0.0
0;20241.0;8028;155;0.0;0.0;0.0;0.0;8030;155;0.0;0.0;0.0;0.0;8029.0;0.0
0;20242.0;8030;65;8029.0;94.0;0.0;0.0;8031;65;8032.0;94.0;0.0;0.0;8030.5;0.0
0;20243.0;8028;137;0.0;0.0;0.0;0.0;8030;137;0.0;0.0;0.0;0.0;8029.0;0.0
0;20244.0;8026;147;0.0;0.0;0.0;0.0;8027;10;8028.0;147.0;0.0;0.0;8026.5;0.0
0;20245.0;8028;60;8027.0;54.0;0.0;0.0;8029;60;8030.0;54.0;0.0;0.0;8028.5;0.0
0;20246.0;8028;129;0.0;0.0;0.0;0.0;8029;53;8030.0;76.0;0.0;0.0;8028.5;0.0
0;20247.0;8028;116;0.0;0.0;0.0;0.0;8030;116;0.0;0.0;0.0;0.0;8029.0;0.0
0;20248.0;8028;121;0.0;0.0;0.0;0.0;8030;121;0.0;0.0;0.0;0.0;8029.0;0.0
0;20249.0;8030;61;8029.0;66.0;0.0;0.0;8031;61;8032.0;66.0;0.0;0.0;8030.5;0.0
0;20250.0;8029;120;0.0;0.0;0.0;0.0;8030;62;8031.0;58.0;0.0;0.0;8029.5;0.0
0;20251.0;8028;58;8027.0;74.0;0.0;0.0;8029;58;8030.0;74.0;0.0;0.0;8028.5;0.0
0;20252.0;8028;122;0.0;0.0;0.0;0.0;8029;41;8030.0;81.0;0.0;0.0;8028.5;0.0
0;20253.0;8029;129;0.0;0.0;0.0;0.0;8031;129;0.0;0.0;0.0;0.0;8030.0;0.0
0;20254.0;8031;123;0.0;0.0;0.0;0.0;8032;44;8033.0;79.0;0.0;0.0;8031.5;0.0
0;20255.0;8031;105;0.0;0.0;0.0;0.0;8033;105;0.0;0.0;0.0;0.0;8032.0;0.0
0;20256.0;8031;119;0.0;0.0;0.0;0.0;8033;119;0.0;0.0;0.0;0.0;8032.0;0.0
0;20257.0;8032;106;0.0;0.0;0.0;0.0;8034;106;0.0;0.0;0.0;0.0;8033.0;0.0
0;20258.0;8032;132;0.0;0.0;0.0;0.0;8034;132;0.0;0.0;0.0;0.0;8033.0;0.0
0;20259.0;8032;142;0.0;0.0;0.0;0.0;8033;49;8034.0;93.0;0.0;0.0;8032.5;0.0
0;20260.0;8030;115;0.0;0.0;0.0;0.0;8031;39;8032.0;76.0;0.0;0.0;8030.5;0.0
0;20261.0;8031;150;0.0;0.0;0.0;0.0;8033;150;0.0;0.0;0.0;0.0;8032.0;0.0
0;20262.0;8033;152;0.0;0.0;0.0;0.0;8035;152;0.0;0.0;0.0;0.0;8034.0;0.0
0;20263.0;8033;51;8032.0;80.0;0.0;0.0;8034;51;8035.0;80.0;0.0;0.0;8033.5;0.0
0;20264.0;8034;52;8033.0;63.0;0.0;0.0;8035;52;8036.0;63.0;0.0;0.0;8034.5;0.0
0;20265.0;8034;52;8033.0;82.0;0.0;0.0;8035;134;0.0;0.0;0.0;0.0;8034.5;0.0
0;20266.0;8033;51;8032.0;87.0;0.0;0.0;8034;51;8035.0;87.0;0.0;0.0;8033.5;0.0
0;20267.0;8031;119;0.0;0.0;0.0;0.0;8033;119;0.0;0.0;0.0;0.0;8032.0;0.0
0;20268.0;8030;131;0.0;0.0;0.0;0.0;8031;42;8032.0;89.0;0.0;0.0;8030.5;0.0
0;20269.0;8031;53;8030.0;79.0;0.0;0.0;8032;132;0.0;0.0;0.0;0.0;8031.5;0.0
0;20270.0;8031;126;0.0;0.0;0.0;0.0;8032;53;8033.0;73.0;0.0;0.0;8031.5;0.0
0;20271.0;8031;124;0.0;0.0;0.0;0.0;8032;54;8033.0;70.0;0.0;0.0;8031.5;0.0
0;20272.0;8032;151;0.0;0.0;0.0;0.0;8034;151;0.0;0.0;0.0;0.0;8033.0;0.0
0;20273.0;8031;50;8030.0;100.0;0.0;0.0;8032;50;8033.0;100.0;0.0;0.0;8031.5;0.0
0;20274.0;8031;129;0.0;0.0;0.0;0.0;8032;39;8033.0;90.0;0.0;0.0;8031.5;0.0
0;20275.0;8030;132;0.0;0.0;0.0;0.0;8032;139;0.0;0.0;0.0;0.0;8031.0;0.0
0;20276.0;8029;116;0.0;0.0;0.0;0.0;8031;116;0.0;0.0;0.0;0.0;8030.0;0.0
0;20277.0;8029;44;8028.0;69.0;0.0;0.0;8030;113;0.0;0.0;0.0;0.0;8029.5;0.0
0;20278.0;8029;109;0.0;0.0;0.0;0.0;8031;109;0.0;0.0;0.0;0.0;8030.0;0.0
0;20279.0;8031;65;8030.0;63.0;0.0;0.0;8032;128;0.0;0.0;0.0;0.0;8031.5;0.0
0;20280.0;8031;123;0.0;0.0;0.0;0.0;8033;123;0.0;0.0;0.0;0.0;8032.0;0.0
0;20281.0;8029;96;0.0;0.0;0.0;0.0;8031;96;0.0;0.0;0.0;0.0;8030.0;0.0
0;20282.0;8030;93;0.0;0.0;0.0;0.0;8032;93;0.0;0.0;0.0;0.0;8031.0;0.0
0;20283.0;8031;140;0.0;0.0;0.0;0.0;8033;140;0.0;0.0;0.0;0.0;8032.0;0.0
0;20284.0;8030;147;0.0;0.0;0.0;0.0;8032;147;0.0;0.0;0.0;0.0;8031.0;0.0
0;20285.0;8032;143;0.0;0.0;0.0;0.0;8034;138;0.0;0.0;0.0;0.0;8033.0;0.0
0;20286.0;8030;49;8029.0;93.0;0.0;0.0;8031;49;8032.0;93.0;0.0;0.0;8030.5;0.0
0;20287.0;8030;133;0.0;0.0;0.0;0.0;8031;36;8032.0;97.0;0.0;0.0;8030.5;0.0
0;20288.0;8030;137;0.0;0.0;0.0;0.0;8032;137;0.0;0.0;0.0;0.0;8031.0;0.0
0;20289.0;8031;37;8030.0;54.0;0.0;0.0;8032;37;8033.0;54.0;0.0;0.0;8031.5;0.0
0;20290.0;8032;150;0.0;0.0;0.0;0.0;8033;53;8034.0;97.0;0.0;0.0;8032.5;0.0
0;20291.0;8032;128;0.0;0.0;0.0;0.0;8034;128;0.0;0.0;0.0;0.0;8033.0;0.0
0;20292.0;8033;54;8032.0;59.0;0.0;0.0;8034;54;8035.0;59.0;0.0;0.0;8033.5;0.0
0;20293.0;8035;108;0.0;0.0;0.0;0.0;8036;55;8037.0;53.0;0.0;0.0;8035.5;0.0
0;20294.0;8035;127;0.0;0.0;0.0;0.0;8037;127;0.0;0.0;0.0;0.0;8036.0;0.0
0;20295.0;8035;50;8034.0;66.0;0.0;0.0;8036;50;8037.0;66.0;0.0;0.0;8035.5;0.0
0;20296.0;8035;124;0.0;0.0;0.0;0.0;8037;118;0.0;0.0;0.0;0.0;8036.0;0.0
0;20297.0;8036;142;0.0;0.0;0.0;0.0;8037;50;8038.0;92.0;0.0;0.0;8036.5;0.0
0;20298.0;8035;41;8034.0;67.0;0.0;0.0;8036;41;8037.0;67.0;0.0;0.0;8035.5;0.0
0;20299.0;8035;36;8034.0;50.0;0.0;0.0;8036;36;8037.0;50.0;0.0;0.0;8035.5;0.0
0;20300.0;8035;97;0.0;0.0;0.0;0.0;8036;37;8037.0;60.0;0.0;0.0;8035.5;0.0
0;20301.0;8035;129;0.0;0.0;0.0;0.0;8037;129;0.0;0.0;0.0;0.0;8036.0;0.0
0;20302.0;8036;57;8035.0;84.0;0.0;0.0;8037;141;0.0;0.0;0.0;0.0;8036.5;0.0
0;20303.0;8036;37;8035.0;75.0;0.0;0.0;8037;37;8038.0;75.0;0.0;0.0;8036.5;0.0
0;20304.0;8037;116;0.0;0.0;0.0;0.0;8039;116;0.0;0.0;0.0;0.0;8038.0;0.0
0;20305.0;8036;49;8035.0;75.0;0.0;0.0;8037;124;0.0;0.0;0.0;0.0;8036.5;0.0
0;20306.0;8037;116;0.0;0.0;0.0;0.0;8039;116;0.0;0.0;0.0;0.0;8038.0;0.0
0;20307.0;8036;109;0.0;0.0;0.0;0.0;8038;109;0.0;0.0;0.0;0.0;8037.0;0.0
0;20308.0;8037;103;0.0;0.0;0.0;0.0;8039;103;0.0;0.0;0.0;0.0;8038.0;0.0
0;20309.0;8037;151;0.0;0.0;0.0;0.0;8039;151;0.0;0.0;0.0;0.0;8038.0;0.0
0;20310.0;8039;45;8038.0;50.0;0.0;0.0;8040;45;8041.0;50.0;0.0;0.0;8039.5;0.0
0;20311.0;8038;52;8037.0;97.0;0.0;0.0;8039;52;8040.0;97.0;0.0;0.0;8038.5;0.0
0;20312.0;8039;51;8038.0;81.0;0.0;0.0;8040;51;8041.0;81.0;0.0;0.0;8039.5;0.0
0;20313.0;8039;64;8038.0;89.0;0.0;0.0;8040;149;0.0;0.0;0.0;0.0;8039.5;0.0
0;20314.0;8038;88;0.0;0.0;0.0;0.0;8040;88;0.0;0.0;0.0;0.0;8039.0;0.0
0;20315.0;8040;45;8039.0;96.0;0.0;0.0;8041;141;0.0;0.0;0.0;0.0;8040.5;0.0
0;20316.0;8039;111;0.0;0.0;0.0;0.0;8040;56;8041.0;55.0;0.0;0.0;8039.5;0.0
0;20317.0;8039;53;8038.0;64.0;0.0;0.0;8040;117;0.0;0.0;0.0;0.0;8039.5;0.0
0;20318.0;8039;116;0.0;0.0;0.0;0.0;8041;116;0.0;0.0;0.0;0.0;8040.0;0.0
0;20319.0;8039;46;8038.0;82.0;0.0;0.0;8040;122;0.0;0.0;0.0;0.0;8039.5;0.0
0;20320.0;8039;115;0.0;0.0;0.0;0.0;8041;115;0.0;0.0;0.0;0.0;8040.0;0.0
0;20321.0;8041;128;0.0;0.0;0.0;0.0;8043;128;0.0;0.0;0.0;0.0;8042.0;0.0
0;20322.0;8041;49;8040.0;95.0;0.0;0.0;8042;49;8043.0;95.0;0.0;0.0;8041.5;0.0
0;20323.0;8042;45;8041.0;77.0;0.0;0.0;8043;130;0.0;0.0;0.0;0.0;8042.5;0.0
0;20324.0;8041;44;8040.0;63.0;0.0;0.0;8042;107;0.0;0.0;0.0;0.0;8041.5;0.0
0;20325.0;8041;41;8040.0;58.0;0.0;0.0;8042;99;0.0;0.0;0.0;0.0;8041.5;0.0
0;20326.0;8040;104;0.0;0.0;0.0;0.0;8041;35;8042.0;69.0;0.0;0.0;8040.5;0.0
0;20327.0;8039;121;0.0;0.0;0.0;0.0;8040;53;8041.0;68.0;0.0;0.0;8039.5;0.0
0;20328.0;8037;122;0.0;0.0;0.0;0.0;8038;35;8039.0;87.0;0.0;0.0;8037.5;0.0
0;20329.0;8036;59;8035.0;62.0;0.0;0.0;8037;59;8038.0;62.0;0.0;0.0;8036.5;0.0
0;20330.0;8033;144;0.0;0.0;0.0;0.0;8035;144;0.0;0.0;0.0;0.0;8034.0;0.0
0;20331.0;8034;47;8033.0;51.0;0.0;0.0;8035;98;0.0;0.0;0.0;0.0;8034.5;0.0
0;20332.0;8035;121;0.0;0.0;0.0;0.0;8036;53;8037.0;68.0;0.0;0.0;8035.5;0.0
0;20333.0;8035;64;8034.0;54.0;0.0;0.0;8036;118;0.0;0.0;0.0;0.0;8035.5;0.0
0;20334.0;8034;38;8033.0;60.0;0.0;0.0;8035;98;0.0;0.0;0.0;0.0;8034.5;0.0
0;20335.0;8034;43;8033.0;84.0;0.0;0.0;8035;43;8036.0;84.0;0.0;0.0;8034.5;0.0
0;20336.0;8033;138;0.0;0.0;0.0;0.0;8035;138;0.0;0.0;0.0;0.0;8034.0;0.0
0;20337.0;8033;41;8032.0;74.0;0.0;0.0;8034;41;8035.0;74.0;0.0;0.0;8033.5;0.0
0;20338.0;8033;58;8032.0;89.0;0.0;0.0;8034;147;0.0;0.0;0.0;0.0;8033.5;0.0
0;20339.0;8031;59;8030.0;77.0;0.0;0.0;8032;136;0.0;0.0;0.0;0.0;8031.5;0.0
0;20340.0;8033;46;8032.0;50.0;0.0;0.0;8034;96;0.0;0.0;0.0;0.0;8033.5;0.0
0;20341.0;8033;105;0.0;0.0;0.0;0.0;8035;105;0.0;0.0;0.0;0.0;8034.0;0.0
0;20342.0;8034;43;8033.0;70.0;0.0;0.0;8035;43;8036.0;70.0;0.0;0.0;8034.5;0.0
0;20343.0;8031;131;0.0;0.0;0.0;0.0;8033;131;0.0;0.0;0.0;0.0;8032.0;0.0
0;20344.0;8030;111;0.0;0.0;0.0;0.0;8032;111;0.0;0.0;0.0;0.0;8031.0;0.0
0;20345.0;8032;55;8031.0;95.0;0.0;0.0;8033;55;8034.0;95.0;0.0;0.0;8032.5;0.0
0;20346.0;8031;105;0.0;0.0;0.0;0.0;8033;105;0.0;0.0;0.0;0.0;8032.0;0.0
0;20347.0;8031;52;8030.0;71.0;0.0;0.0;8032;123;0.0;0.0;0.0;0.0;8031.5;0.0
0;20348.0;8034;65;8033.0;85.0;0.0;0.0;8035;150;0.0;0.0;0.0;0.0;8034.5;0.0
0;20349.0;8032;138;0.0;0.0;0.0;0.0;8034;138;0.0;0.0;0.0;0.0;8033.0;0.0
0;20350.0;8033;147;0.0;0.0;0.0;0.0;8034;59;8035.0;88.0;0.0;0.0;8033.5;0.0
0;20351.0;8033;123;0.0;0.0;0.0;0.0;8034;64;8035.0;59.0;0.0;0.0;8033.5;0.0
0;20352.0;8033;126;0.0;0.0;0.0;0.0;8035;126;0.0;0.0;0.0;0.0;8034.0;0.0
0;20353.0;8033;39;8032.0;80.0;0.0;0.0;8034;119;0.0;0.0;0.0;0.0;8033.5;0.0
0;20354.0;8033;62;8032.0;61.0;0.0;0.0;8034;62;8035.0;61.0;0.0;0.0;8033.5;0.0
0;20355.0;8033;100;0.0;0.0;0.0;0.0;8035;100;0.0;0.0;0.0;0.0;8034.0;0.0
0;20356.0;8036;135;0.0;0.0;0.0;0.0;8038;135;0.0;0.0;0.0;0.0;8037.0;0.0
0;20357.0;8037;40;8036.0;58.0;0.0;0.0;8038;40;8039.0;58.0;0.0;0.0;8037.5;0.0
0;20358.0;8037;119;0.0;0.0;0.0;0.0;8039;119;0.0;0.0;0.0;0.0;8038.0;0.0
0;20359.0;8037;130;0.0;0.0;0.0;0.0;8038;50;8039.0;80.0;0.0;0.0;8037.5;0.0
0;20360.0;8037;40;8036.0;98.0;0.0;0.0;8038;40;8039.0;98.0;0.0;0.0;8037.5;0.0
0;20361.0;8037;35;8036.0;67.0;0.0;0.0;8038;35;8039.0;67.0;0.0;0.0;8037.5;0.0
0;20362.0;8037;48;8036.0;51.0;0.0;0.0;8038;99;0.0;0.0;0.0;0.0;8037.5;0.0
0;20363.0;8037;52;8036.0;57.0;0.0;0.0;8038;109;0.0;0.0;0.0;0.0;8037.5;0.0
0;20364.0;8036;142;0.0;0.0;0.0;0.0;8038;142;0.0;0.0;0.0;0.0;8037.0;0.0
0;20365.0;8036;136;0.0;0.0;0.0;0.0;8038;136;0.0;0.0;0.0;0.0;8037.0;0.0
0;20366.0;8038;56;8037.0;83.0;0.0;0.0;8039;139;0.0;0.0;0.0;0.0;8038.5;0.0
0;20367.0;8037;102;0.0;0.0;0.0;0.0;8039;102;0.0;0.0;0.0;0.0;8038.0;0.0
0;20368.0;8037;118;0.0;0.0;0.0;0.0;8039;126;0.0;0.0;0.0;0.0;8038.0;0.0
0;20369.0;8039;36;8038.0;61.0;0.0;0.0;8040;97;0.0;0.0;0.0;0.0;8039.5;0.0
0;20370.0;8036;105;0.0;0.0;0.0;0.0;8038;114;0.0;0.0;0.0;0.0;8037.0;0.0
0;20371.0;8039;62;8038.0;54.0;0.0;0.0;8040;62;8041.0;54.0;0.0;0.0;8039.5;0.0
0;20372.0;8039;127;0.0;0.0;0.0;0.0;8041;127;0.0;0.0;0.0;0.0;8040.0;0.0
0;20373.0;8039;41;8038.0;87.0;0.0;0.0;8040;41;8041.0;87.0;0.0;0.0;8039.5;0.0
0;20374.0;8040;56;8039.0;96.0;0.0;0.0;8041;56;8042.0;96.0;0.0;0.0;8040.5;0.0
0;20375.0;8040;51;8039.0;83.0;0.0;0.0;8041;51;8042.0;83.0;0.0;0.0;8040.5;0.0
0;20376.0;8038;130;0.0;0.0;0.0;0.0;8040;130;0.0;0.0;0.0;0.0;8039.0;0.0
0;20377.0;8038;96;0.0;0.0;0.0;0.0;8039;38;8040.0;58.0;0.0;0.0;8038.5;0.0
0;20378.0;8039;135;0.0;0.0;0.0;0.0;8041;135;0.0;0.0;0.0;0.0;8040.0;0.0
0;20379.0;8040;38;8039.0;63.0;0.0;0.0;8041;101;0.0;0.0;0.0;0.0;8040.5;0.0
0;20380.0;8041;123;0.0;0.0;0.0;0.0;8043;123;0.0;0.0;0.0;0.0;8042.0;0.0
0;20381.0;8042;4;8041.0;124.0;0.0;0.0;8043;124;0.0;0.0;0.0;0.0;8042.5;0.0
0;20382.0;8040;137;0.0;0.0;0.0;0.0;8042;137;0.0;0.0;0.0;0.0;8041.0;0.0
0;20383.0;8040;140;0.0;0.0;0.0;0.0;8041;44;8042.0;96.0;0.0;0.0;8040.5;0.0
0;20384.0;8041;44;8040.0;79.0;0.0;0.0;8042;123;0.0;0.0;0.0;0.0;8041.5;0.0
0;20385.0;8040;151;0.0;0.0;0.0;0.0;8042;151;0.0;0.0;0.0;0.0;8041.0;0.0
0;20386.0;8039;121;0.0;0.0;0.0;0.0;8041;121;0.0;0.0;0.0;0.0;8040.0;0.0
0;20387.0;8039;56;8038.0;75.0;0.0;0.0;8040;131;0.0;0.0;0.0;0.0;8039.5;0.0
0;20388.0;8039;138;0.0;0.0;0.0;0.0;8041;138;0.0;0.0;0.0;0.0;8040.0;0.0
0;20389.0;8038;122;0.0;0.0;0.0;0.0;8040;122;0.0;0.0;0.0;0.0;8039.0;0.0
0;20390.0;8039;111;0.0;0.0;0.0;0.0;8041;111;0.0;0.0;0.0;0.0;8040.0;0.0
0;20391.0;8037;44;8036.0;66.0;0.0;0.0;8038;44;8039.0;66.0;0.0;0.0;8037.5;0.0
0;20392.0;8035;113;0.0;0.0;0.0;0.0;8037;113;0.0;0.0;0.0;0.0;8036.0;0.0
0;20393.0;8035;59;8034.0;94.0;0.0;0.0;8036;153;0.0;0.0;0.0;0.0;8035.5;0.0
0;20394.0;8035;42;8034.0;94.0;0.0;0.0;8036;42;8037.0;94.0;0.0;0.0;8035.5;0.0
0;20395.0;8036;51;8035.0;67.0;0.0;0.0;8037;51;8038.0;67.0;0.0;0.0;8036.5;0.0
0;20396.0;8036;47;8035.0;92.0;0.0;0.0;8037;47;8038.0;92.0;0.0;0.0;8036.5;0.0
0;20397.0;8034;109;0.0;0.0;0.0;0.0;8036;109;0.0;0.0;0.0;0.0;8035.0;0.0
0;20398.0;8035;146;0.0;0.0;0.0;0.0;8037;146;0.0;0.0;0.0;0.0;8036.0;0.0
0;20399.0;8034;116;0.0;0.0;0.0;0.0;8036;116;0.0;0.0;0.0;0.0;8035.0;0.0
0;20400.0;8035;40;8034.0;69.0;0.0;0.0;8036;109;0.0;0.0;0.0;0.0;8035.5;0.0
0;20401.0;8033;145;0.0;0.0;0.0;0.0;8035;145;0.0;0.0;0.0;0.0;8034.0;0.0
0;20402.0;8034;42;8033.0;57.0;0.0;0.0;8035;42;8036.0;57.0;0.0;0.0;8034.5;0.0
0;20403.0;8034;115;0.0;0.0;0.0;0.0;8036;115;0.0;0.0;0.0;0.0;8035.0;0.0
0;20404.0;8033;64;8032.0;86.0;0.0;0.0;8034;150;0.0;0.0;0.0;0.0;8033.5;0.0
0;20405.0;8034;40;8033.0;52.0;0.0;0.0;8035;92;0.0;0.0;0.0;0.0;8034.5;0.0
0;20406.0;8033;131;0.0;0.0;0.0;0.0;8035;131;0.0;0.0;0.0;0.0;8034.0;0.0
0;20407.0;8035;54;8034.0;65.0;0.0;0.0;8036;119;0.0;0.0;0.0;0.0;8035.5;0.0
0;20408.0;8035;141;0.0;0.0;0.0;0.0;8037;141;0.0;0.0;0.0;0.0;8036.0;0.0
0;20409.0;8034;138;0.0;0.0;0.0;0.0;8036;138;0.0;0.0;0.0;0.0;8035.0;0.0
0;20410.0;8034;135;0.0;0.0;0.0;0.0;8035;65;8036.0;70.0;0.0;0.0;8034.5;0.0
0;20411.0;8033;64;8032.0;66.0;0.0;0.0;8034;130;0.0;0.0;0.0;0.0;8033.5;0.0
0;20412.0;8032;110;0.0;0.0;0.0;0.0;8034;110;0.0;0.0;0.0;0.0;8033.0;0.0
0;20413.0;8032;37;8031.0;69.0;0.0;0.0;8033;37;8034.0;69.0;0.0;0.0;8032.5;0.0
0;20414.0;8032;48;8031.0;51.0;0.0;0.0;8033;48;8034.0;51.0;0.0;0.0;8032.5;0.0
0;20415.0;8032;111;0.0;0.0;0.0;0.0;8034;107;0.0;0.0;0.0;0.0;8033.0;0.0
0;20416.0;8034;49;8033.0;90.0;0.0;0.0;8035;139;0.0;0.0;0.0;0.0;8034.5;0.0
0;20417.0;8034;93;0.0;0.0;0.0;0.0;8035;39;8036.0;54.0;0.0;0.0;8034.5;0.0
0;20418.0;8034;53;8033.0;56.0;0.0;0.0;8035;53;8036.0;56.0;0.0;0.0;8034.5;0.0
0;20419.0;8035;131;0.0;0.0;0.0;0.0;8036;51;8037.0;80.0;0.0;0.0;8035.5;0.0
0;20420.0;8036;150;0.0;0.0;0.0;0.0;8038;150;0.0;0.0;0.0;0.0;8037.0;0.0
0;20421.0;8035;106;0.0;0.0;0.0;0.0;8037;106;0.0;0.0;0.0;0.0;8036.0;0.0
0;20422.0;8035;123;0.0;0.0;0.0;0.0;8036;60;8037.0;63.0;0.0;0.0;8035.5;0.0
0;20423.0;8035;98;0.0;0.0;0.0;0.0;8036;43;8037.0;55.0;0.0;0.0;8035.5;0.0
0;20424.0;8035;106;0.0;0.0;0.0;0.0;8037;106;0.0;0.0;0.0;0.0;8036.0;0.0
0;20425.0;8034;129;0.0;0.0;0.0;0.0;8035;42;8036.0;87.0;0.0;0.0;8034.5;0.0
0;20426.0;8034;149;0.0;0.0;0.0;0.0;8036;149;0.0;0.0;0.0;0.0;8035.0;0.0
0;20427.0;8035;63;8034.0;60.0;0.0;0.0;8036;123;0.0;0.0;0.0;0.0;8035.5;0.0
0;20428.0;8037;38;8036.0;91.0;0.0;0.0;8038;129;0.0;0.0;0.0;0.0;8037.5;0.0
0;20429.0;8037;36;8036.0;96.0;0.0;0.0;8038;132;0.0;0.0;0.0;0.0;8037.5;0.0
0;20430.0;8035;108;0.0;0.0;0.0;0.0;8037;108;0.0;0.0;0.0;0.0;8036.0;0.0
0;20431.0;8034;117;0.0;0.0;0.0;0.0;8036;117;0.0;0.0;0.0;0.0;8035.0;0.0
0;20432.0;8034;110;0.0;0.0;0.0;0.0;8036;110;0.0;0.0;0.0;0.0;8035.0;0.0
0;20433.0;8033;113;0.0;0.0;0.0;0.0;8034;53;8035.0;60.0;0.0;0.0;8033.5;0.0
0;20434.0;8034;117;0.0;0.0;0.0;0.0;8036;117;0.0;0.0;0.0;0.0;8035.0;0.0
0;20435.0;8033;102;0.0;0.0;0.0;0.0;8035;102;0.0;0.0;0.0;0.0;8034.0;0.0
0;20436.0;8036;134;0.0;0.0;0.0;0.0;8037;36;8038.0;98.0;0.0;0.0;8036.5;0.0
0;20437.0;8035;56;8034.0;74.0;0.0;0.0;8036;56;8037.0;74.0;0.0;0.0;8035.5;0.0
0;20438.0;8034;116;0.0;0.0;0.0;0.0;8036;116;0.0;0.0;0.0;0.0;8035.0;0.0
0;20439.0;8036;63;8035.0;93.0;0.0;0.0;8037;63;8038.0;93.0;0.0;0.0;8036.5;0.0
0;20440.0;8035;55;8034.0;60.0;0.0;0.0;8036;55;8037.0;60.0;0.0;0.0;8035.5;0.0
0;20441.0;8035;45;8034.0;76.0;0.0;0.0;8036;45;8037.0;76.0;0.0;0.0;8035.5;0.0
0;20442.0;8036;111;0.0;0.0;0.0;0.0;8038;111;0.0;0.0;0.0;0.0;8037.0;0.0
0;20443.0;8037;130;0.0;0.0;0.0;0.0;8039;130;0.0;0.0;0.0;0.0;8038.0;0.0
0;20444.0;8038;48;8037.0;76.0;0.0;0.0;8039;48;8040.0;76.0;0.0;0.0;8038.5;0.0
0;20445.0;8038;132;0.0;0.0;0.0;0.0;8039;44;8040.0;88.0;0.0;0.0;8038.5;0.0
0;20446.0;8037;108;0.0;0.0;0.0;0.0;8039;108;0.0;0.0;0.0;0.0;8038.0;0.0
0;20447.0;8038;119;0.0;0.0;0.0;0.0;8039;60;8040.0;59.0;0.0;0.0;8038.5;0.0
0;20448.0;8038;127;0.0;0.0;0.0;0.0;8040;127;0.0;0.0;0.0;0.0;8039.0;0.0
0;20449.0;8037;56;8036.0;94.0;0.0;0.0;8038;150;0.0;0.0;0.0;0.0;8037.5;0.0
0;20450.0;8038;48;8037.0;96.0;0.0;0.0;8039;48;8040.0;96.0;0.0;0.0;8038.5;0.0
0;20451.0;8037;133;0.0;0.0;0.0;0.0;8039;133;0.0;0.0;0.0;0.0;8038.0;0.0
0;20452.0;8037;135;0.0;0.0;0.0;0.0;8039;135;0.0;0.0;0.0;0.0;8038.0;0.0
0;20453.0;8040;36;8039.0;77.0;0.0;0.0;8041;36;8042.0;77.0;0.0;0.0;8040.5;0.0
0;20454.0;8040;129;0.0;0.0;0.0;0.0;8041;52;8042.0;77.0;0.0;0.0;8040.5;0.0
0;20455.0;8041;57;8040.0;94.0;0.0;0.0;8042;57;8043.0;94.0;0.0;0.0;8041.5;0.0
0;20456.0;8043;64;8042.0;50.0;0.0;0.0;8044;114;0.0;0.0;0.0;0.0;8043.5;0.0
0;20457.0;8045;59;8044.0;92.0;0.0;0.0;8046;151;0.0;0.0;0.0;0.0;8045.5;0.0
0;20458.0;8045;41;8044.0;93.0;0.0;0.0;8046;41;8047.0;93.0;0.0;0.0;8045.5;0.0
0;20459.0;8047;107;0.0;0.0;0.0;0.0;8049;107;0.0;0.0;0.0;0.0;8048.0;0.0
0;20460.0;8047;39;8046.0;82.0;0.0;0.0;8048;121;0.0;0.0;0.0;0.0;8047.5;0.0
0;20461.0;8048;142;0.0;0.0;0.0;0.0;8050;142;0.0;0.0;0.0;0.0;8049.0;0.0
0;20462.0;8051;126;0.0;0.0;0.0;0.0;8052;38;8053.0;88.0;0.0;0.0;8051.5;0.0
0;20463.0;8050;106;0.0;0.0;0.0;0.0;8052;106;0.0;0.0;0.0;0.0;8051.0;0.0
0;20464.0;8050;63;8049.0;64.0;0.0;0.0;8051;127;0.0;0.0;0.0;0.0;8050.5;0.0
0;20465.0;8050;136;0.0;0.0;0.0;0.0;8051;57;8052.0;79.0;0.0;0.0;8050.5;0.0
0;20466.0;8050;42;8049.0;59.0;0.0;0.0;8051;42;8052.0;59.0;0.0;0.0;8050.5;0.0
0;20467.0;8050;159;0.0;0.0;0.0;0.0;8051;60;8052.0;99.0;0.0;0.0;8050.5;0.0
0;20468.0;8049;118;0.0;0.0;0.0;0.0;8051;118;0.0;0.0;0.0;0.0;8050.0;0.0
0;20469.0;8048;122;0.0;0.0;0.0;0.0;8050;122;0.0;0.0;0.0;0.0;8049.0;0.0
0;20470.0;8047;154;0.0;0.0;0.0;0.0;8049;154;0.0;0.0;0.0;0.0;8048.0;0.0
0;20471.0;8049;45;8048.0;68.0;0.0;0.0;8050;113;0.0;0.0;0.0;0.0;8049.5;0.0
0;20472.0;8048;125;0.0;0.0;0.0;0.0;8049;52;8050.0;73.0;0.0;0.0;8048.5;0.0
0;20473.0;8048;116;0.0;0.0;0.0;0.0;8050;116;0.0;0.0;0.0;0.0;8049.0;0.0
0;20474.0;8046;123;0.0;0.0;0.0;0.0;8047;53;8048.0;80.0;0.0;0.0;8046.5;0.0
0;20475.0;8048;101;0.0;0.0;0.0;0.0;8050;101;0.0;0.0;0.0;0.0;8049.0;0.0
0;20476.0;8047;137;0.0;0.0;0.0;0.0;8049;137;0.0;0.0;0.0;0.0;8048.0;0.0
0;20477.0;8047;126;0.0;0.0;0.0;0.0;8049;126;0.0;0.0;0.0;0.0;8048.0;0.0
0;20478.0;8047;55;8046.0;69.0;0.0;0.0;8048;55;8049.0;69.0;0.0;0.0;8047.5;0.0
0;20479.0;8046;115;0.0;0.0;0.0;0.0;8048;115;0.0;0.0;0.0;0.0;8047.0;0.0
0;20480.0;8048;58;8047.0;64.0;0.0;0.0;8049;129;0.0;0.0;0.0;0.0;8048.5;0.0
0;20481.0;8047;43;8046.0;78.0;0.0;0.0;8048;121;0.0;0.0;0.0;0.0;8047.5;0.0
0;20482.0;8046;59;8045.0;58.0;0.0;0.0;8047;59;8048.0;58.0;0.0;0.0;8046.5;0.0
0;20483.0;8046;108;0.0;0.0;0.0;0.0;8048;108;0.0;0.0;0.0;0.0;8047.0;0.0
0;20484.0;8046;140;0.0;0.0;0.0;0.0;8048;140;0.0;0.0;0.0;0.0;8047.0;0.0
0;20485.0;8046;59;8045.0;76.0;0.0;0.0;8047;59;8048.0;76.0;0.0;0.0;8046.5;0.0
0;20486.0;8047;42;8046.0;78.0;0.0;0.0;8048;120;0.0;0.0;0.0;0.0;8047.5;0.0
0;20487.0;8046;128;0.0;0.0;0.0;0.0;8048;128;0.0;0.0;0.0;0.0;8047.0;0.0
0;20488.0;8045;116;0.0;0.0;0.0;0.0;8046;60;8047.0;56.0;0.0;0.0;8045.5;0.0
0;20489.0;8044;144;0.0;0.0;0.0;0.0;8046;144;0.0;0.0;0.0;0.0;8045.0;0.0
0;20490.0;8046;109;0.0;0.0;0.0;0.0;8047;41;8048.0;68.0;0.0;0.0;8046.5;0.0
0;20491.0;8046;55;8045.0;89.0;0.0;0.0;8047;144;0.0;0.0;0.0;0.0;8046.5;0.0
0;20492.0;8042;147;0.0;0.0;0.0;0.0;8044;147;0.0;0.0;0.0;0.0;8043.0;0.0
0;20493.0;8042;103;0.0;0.0;0.0;0.0;8044;103;0.0;0.0;0.0;0.0;8043.0;0.0
0;20494.0;8043;122;0.0;0.0;0.0;0.0;8044;65;8045.0;57.0;0.0;0.0;8043.5;0.0
0;20495.0;8043;99;0.0;0.0;0.0;0.0;8045;99;0.0;0.0;0.0;0.0;8044.0;0.0
0;20496.0;8044;109;0.0;0.0;0.0;0.0;8045;56;8046.0;53.0;0.0;0.0;8044.5;0.0
0;20497.0;8044;150;0.0;0.0;0.0;0.0;8046;150;0.0;0.0;0.0;0.0;8045.0;0.0
0;20498.0;8044;120;0.0;0.0;0.0;0.0;8045;56;8046.0;64.0;0.0;0.0;8044.5;0.0
0;20499.0;8046;134;0.0;0.0;0.0;0.0;8047;47;8048.0;87.0;0.0;0.0;8046.5;0.0
0;20500.0;8046;113;0.0;0.0;0.0;0.0;8047;62;8048.0;51.0;0.0;0.0;8046.5;0.0
0;20501.0;8046;95;0.0;0.0;0.0;0.0;8048;99;0.0;0.0;0.0;0.0;8047.0;0.0
0;20502.0;8048;120;0.0;0.0;0.0;0.0;8049;52;8050.0;68.0;0.0;0.0;8048.5;0.0
0;20503.0;8048;136;0.0;0.0;0.0;0.0;8050;136;0.0;0.0;0.0;0.0;8049.0;0.0
0;20504.0;8047;133;0.0;0.0;0.0;0.0;8049;133;0.0;0.0;0.0;0.0;8048.0;0.0
0;20505.0;8046;108;0.0;0.0;0.0;0.0;8048;108;0.0;0.0;0.0;0.0;8047.0;0.0
0;20506.0;8048;60;8047.0;80.0;0.0;0.0;8049;60;8050.0;80.0;0.0;0.0;8048.5;0.0
0;20507.0;8049;48;8048.0;96.0;0.0;0.0;8050;144;0.0;0.0;0.0;0.0;8049.5;0.0
0;20508.0;8047;144;0.0;0.0;0.0;0.0;8049;144;0.0;0.0;0.0;0.0;8048.0;0.0
0;20509.0;8047;60;8046.0;62.0;0.0;0.0;8048;60;8049.0;62.0;0.0;0.0;8047.5;0.0
0;20510.0;8046;101;0.0;0.0;0.0;0.0;8048;101;0.0;0.0;0.0;0.0;8047.0;0.0
0;20511.0;8046;47;8045.0;100.0;0.0;0.0;8047;47;8048.0;100.0;0.0;0.0;8046.5;0.0
0;20512.0;8043;51;8042.0;80.0;0.0;0.0;8044;51;8045.0;80.0;0.0;0.0;8043.5;0.0
0;20513.0;8043;118;0.0;0.0;0.0;0.0;8044;46;8045.0;72.0;0.0;0.0;8043.5;0.0
0;20514.0;8044;57;8043.0;52.0;0.0;0.0;8045;109;0.0;0.0;0.0;0.0;8044.5;0.0
0;20515.0;8044;121;0.0;0.0;0.0;0.0;8045;37;8046.0;84.0;0.0;0.0;8044.5;0.0
0;20516.0;8042;36;8041.0;66.0;0.0;0.0;8043;102;0.0;0.0;0.0;0.0;8042.5;0.0
0;20517.0;8042;129;0.0;0.0;0.0;0.0;8044;129;0.0;0.0;0.0;0.0;8043.0;0.0
0;20518.0;8043;155;0.0;0.0;0.0;0.0;8045;155;0.0;0.0;0.0;0.0;8044.0;0.0
0;20519.0;8044;47;8043.0;78.0;0.0;0.0;8045;125;0.0;0.0;0.0;0.0;8044.5;0.0
0;20520.0;8043;113;0.0;0.0;0.0;0.0;8045;113;0.0;0.0;0.0;0.0;8044.0;0.0
0;20521.0;8044;142;0.0;0.0;0.0;0.0;8046;142;0.0;0.0;0.0;0.0;8045.0;0.0
0;20522.0;8046;41;8045.0;96.0;0.0;0.0;8047;137;0.0;0.0;0.0;0.0;8046.5;0.0
0;20523.0;8045;126;0.0;0.0;0.0;0.0;8047;126;0.0;0.0;0.0;0.0;8046.0;0.0
0;20524.0;8046;137;0.0;0.0;0.0;0.0;8047;53;8048.0;84.0;0.0;0.0;8046.5;0.0
0;20525.0;8045;143;0.0;0.0;0.0;0.0;8046;52;8047.0;91.0;0.0;0.0;8045.5;0.0
0;20526.0;8046;53;8045.0;88.0;0.0;0.0;8047;53;8048.0;88.0;0.0;0.0;8046.5;0.0
0;20527.0;8043;62;8042.0;54.0;0.0;0.0;8044;62;8045.0;54.0;0.0;0.0;8043.5;0.0
0;20528.0;8040;6;8039.0;138.0;0.0;0.0;8041;138;0.0;0.0;0.0;0.0;8040.5;0.0
0;20529.0;8038;118;0.0;0.0;0.0;0.0;8040;118;0.0;0.0;0.0;0.0;8039.0;0.0
0;20530.0;8037;96;0.0;0.0;0.0;0.0;8038;43;8039.0;53.0;0.0;0.0;8037.5;0.0
0;20531.0;8037;36;8036.0;86.0;0.0;0.0;8038;122;0.0;0.0;0.0;0.0;8037.5;0.0
0;20532.0;8035;108;0.0;0.0;0.0;0.0;8036;43;8037.0;65.0;0.0;0.0;8035.5;0.0
0;20533.0;8036;64;8035.0;79.0;0.0;0.0;8037;143;0.0;0.0;0.0;0.0;8036.5;0.0
0;20534.0;8035;56;8034.0;51.0;0.0;0.0;8036;107;0.0;0.0;0.0;0.0;8035.5;0.0
0;20535.0;8033;109;0.0;0.0;0.0;0.0;8034;45;8035.0;64.0;0.0;0.0;8033.5;0.0
0;20536.0;8032;35;8031.0;88.0;0.0;0.0;8033;35;8034.0;88.0;0.0;0.0;8032.5;0.0
0;20537.0;8033;145;0.0;0.0;0.0;0.0;8035;145;0.0;0.0;0.0;0.0;8034.0;0.0
0;20538.0;8034;39;8033.0;66.0;0.0;0.0;8035;105;0.0;0.0;0.0;0.0;8034.5;0.0
0;20539.0;8034;136;0.0;0.0;0.0;0.0;8035;55;8036.0;81.0;0.0;0.0;8034.5;0.0
0;20540.0;8033;125;0.0;0.0;0.0;0.0;8035;125;0.0;0.0;0.0;0.0;8034.0;0.0
0;20541.0;8036;119;0.0;0.0;0.0;0.0;8037;42;8038.0;77.0;0.0;0.0;8036.5;0.0
0;20542.0;8034;132;0.0;0.0;0.0;0.0;8036;132;0.0;0.0;0.0;0.0;8035.0;0.0
0;20543.0;8033;45;8032.0;97.0;0.0;0.0;8034;45;8035.0;97.0;0.0;0.0;8033.5;0.0
0;20544.0;8034;150;0.0;0.0;0.0;0.0;8035;63;8036.0;87.0;0.0;0.0;8034.5;0.0
0;20545.0;8032;100;0.0;0.0;0.0;0.0;8034;100;0.0;0.0;0.0;0.0;8033.0;0.0
0;20546.0;8032;106;0.0;0.0;0.0;0.0;8034;106;0.0;0.0;0.0;0.0;8033.0;0.0
0;20547.0;8033;149;0.0;0.0;0.0;0.0;8035;149;0.0;0.0;0.0;0.0;8034.0;0.0
0;20548.0;8033;111;0.0;0.0;0.0;0.0;8035;111;0.0;0.0;0.0;0.0;8034.0;0.0
0;20549.0;8032;121;0.0;0.0;0.0;0.0;8034;121;0.0;0.0;0.0;0.0;8033.0;0.0
0;20550.0;8031;158;0.0;0.0;0.0;0.0;8033;158;0.0;0.0;0.0;0.0;8032.0;0.0
0;20551.0;8031;46;8030.0;78.0;0.0;0.0;8032;46;8033.0;78.0;0.0;0.0;8031.5;0.0
0;20552.0;8032;62;8031.0;60.0;0.0;0.0;8033;122;0.0;0.0;0.0;0.0;8032.5;0.0
0;20553.0;8030;138;0.0;0.0;0.0;0.0;8032;138;0.0;0.0;0.0;0.0;8031.0;0.0
0;20554.0;8031;136;0.0;0.0;0.0;0.0;8033;136;0.0;0.0;0.0;0.0;8032.0;0.0
0;20555.0;8030;44;8029.0;78.0;0.0;0.0;8031;122;0.0;0.0;0.0;0.0;8030.5;0.0
0;20556.0;8030;52;8029.0;56.0;0.0;0.0;8031;52;8032.0;56.0;0.0;0.0;8030.5;0.0
0;20557.0;8030;41;8029.0;83.0;0.0;0.0;8031;124;0.0;0.0;0.0;0.0;8030.5;0.0
0;20558.0;8032;47;8031.0;84.0;0.0;0.0;8033;131;0.0;0.0;0.0;0.0;8032.5;0.0
0;20559.0;8031;53;8030.0;75.0;0.0;0.0;8032;53;8033.0;75.0;0.0;0.0;8031.5;0.0
0;20560.0;8031;64;8030.0;61.0;0.0;0.0;8032;125;0.0;0.0;0.0;0.0;8031.5;0.0
0;20561.0;8029;113;0.0;0.0;0.0;0.0;8031;113;0.0;0.0;0.0;0.0;8030.0;0.0
0;20562.0;8029;120;0.0;0.0;0.0;0.0;8031;120;0.0;0.0;0.0;0.0;8030.0;0.0
0;20563.0;8030;118;0.0;0.0;0.0;0.0;8032;118;0.0;0.0;0.0;0.0;8031.0;0.0
0;20564.0;8030;119;0.0;0.0;0.0;0.0;8031;64;8032.0;55.0;0.0;0.0;8030.5;0.0
0;20565.0;8033;35;8032.0;54.0;0.0;0.0;8034;89;0.0;0.0;0.0;0.0;8033.5;0.0
0;20566.0;8034;47;8033.0;86.0;0.0;0.0;8035;133;0.0;0.0;0.0;0.0;8034.5;0.0
0;20567.0;8033;154;0.0;0.0;0.0;0.0;8034;54;8035.0;100.0;0.0;0.0;8033.5;0.0
0;20568.0;8033;118;0.0;0.0;0.0;0.0;8035;118;0.0;0.0;0.0;0.0;8034.0;0.0
0;20569.0;8033;62;8032.0;92.0;0.0;0.0;8034;62;8035.0;92.0;0.0;0.0;8033.5;0.0
0;20570.0;8031;127;0.0;0.0;0.0;0.0;8032;55;8033.0;72.0;0.0;0.0;8031.5;0.0
0;20571.0;8033;54;8032.0;50.0;0.0;0.0;8034;104;0.0;0.0;0.0;0.0;8033.5;0.0
0;20572.0;8032;145;0.0;0.0;0.0;0.0;8034;145;0.0;0.0;0.0;0.0;8033.0;0.0
0;20573.0;8032;117;0.0;0.0;0.0;0.0;8034;117;0.0;0.0;0.0;0.0;8033.0;0.0
0;20574.0;8033;53;8032.0;63.0;0.0;0.0;8034;53;8035.0;63.0;0.0;0.0;8033.5;0.0
0;20575.0;8034;152;0.0;0.0;0.0;0.0;8035;56;8036.0;96.0;0.0;0.0;8034.5;0.0
0;20576.0;8033;61;8032.0;85.0;0.0;0.0;8034;146;0.0;0.0;0.0;0.0;8033.5;0.0
0;20577.0;8033;119;0.0;0.0;0.0;0.0;8034;49;8035.0;70.0;0.0;0.0;8033.5;0.0
0;20578.0;8032;10;8031.0;131.0;0.0;0.0;8033;131;0.0;0.0;0.0;0.0;8032.5;0.0
0;20579.0;8031;87;0.0;0.0;0.0;0.0;8033;87;0.0;0.0;0.0;0.0;8032.0;0.0
0;20580.0;8032;140;0.0;0.0;0.0;0.0;8033;55;8034.0;85.0;0.0;0.0;8032.5;0.0
0;20581.0;8034;41;8033.0;80.0;0.0;0.0;8035;41;8036.0;80.0;0.0;0.0;8034.5;0.0
0;20582.0;8034;52;8033.0;87.0;0.0;0.0;8035;139;0.0;0.0;0.0;0.0;8034.5;0.0
0;20583.0;8033;114;0.0;0.0;0.0;0.0;8035;114;0.0;0.0;0.0;0.0;8034.0;0.0
0;20584.0;8034;112;0.0;0.0;0.0;0.0;8035;35;8036.0;77.0;0.0;0.0;8034.5;0.0
0;20585.0;8034;131;0.0;0.0;0.0;0.0;8036;131;0.0;0.0;0.0;0.0;8035.0;0.0
0;20586.0;8033;57;8032.0;89.0;0.0;0.0;8034;57;8035.0;89.0;0.0;0.0;8033.5;0.0
0;20587.0;8033;130;0.0;0.0;0.0;0.0;8034;65;8035.0;65.0;0.0;0.0;8033.5;0.0
0;20588.0;8033;52;8032.0;99.0;0.0;0.0;8034;52;8035.0;99.0;0.0;0.0;8033.5;0.0
0;20589.0;8033;64;8032.0;53.0;0.0;0.0;8034;117;0.0;0.0;0.0;0.0;8033.5;0.0
0;20590.0;8032;155;0.0;0.0;0.0;0.0;8033;57;8034.0;98.0;0.0;0.0;8032.5;0.0
0;20591.0;8031;109;0.0;0.0;0.0;0.0;8033;109;0.0;0.0;0.0;0.0;8032.0;0.0
0;20592.0;8032;129;0.0;0.0;0.0;0.0;8034;129;0.0;0.0;0.0;0.0;8033.0;0.0
0;20593.0;8031;141;0.0;0.0;0.0;0.0;8033;141;0.0;0.0;0.0;0.0;8032.0;0.0
0;20594.0;8031;121;0.0;0.0;0.0;0.0;8033;121;0.0;0.0;0.0;0.0;8032.0;0.0
0;20595.0;8031;148;0.0;0.0;0.0;0.0;8033;148;0.0;0.0;0.0;0.0;8032.0;0.0
0;20596.0;8033;42;8032.0;79.0;0.0;0.0;8034;121;0.0;0.0;0.0;0.0;8033.5;0.0
0;20597.0;8035;10;8034.0;126.0;0.0;0.0;8036;126;0.0;0.0;0.0;0.0;8035.5;0.0
0;20598.0;8035;52;8034.0;78.0;0.0;0.0;8036;52;8037.0;78.0;0.0;0.0;8035.5;0.0
0;20599.0;8035;152;0.0;0.0;0.0;0.0;8036;61;8037.0;91.0;0.0;0.0;8035.5;0.0
0;20600.0;8036;149;0.0;0.0;0.0;0.0;8037;59;8038.0;90.0;0.0;0.0;8036.5;0.0
0;20601.0;8035;45;8034.0;61.0;0.0;0.0;8036;45;8037.0;61.0;0.0;0.0;8035.5;0.0
0;20602.0;8034;56;8033.0;56.0;0.0;0.0;8035;56;8036.0;56.0;0.0;0.0;8034.5;0.0
0;20603.0;8034;110;0.0;0.0;0.0;0.0;8035;49;8036.0;61.0;0.0;0.0;8034.5;0.0
0;20604.0;8034;118;0.0;0.0;0.0;0.0;8036;118;0.0;0.0;0.0;0.0;8035.0;0.0
0;20605.0;8034;41;8033.0;67.0;0.0;0.0;8035;41;8036.0;67.0;0.0;0.0;8034.5;0.0
0;20606.0;8033;150;0.0;0.0;0.0;0.0;8034;51;8035.0;99.0;0.0;0.0;8033.5;0.0
0;20607.0;8032;155;0.0;0.0;0.0;0.0;8034;155;0.0;0.0;0.0;0.0;8033.0;0.0
0;20608.0;8032;63;8031.0;83.0;0.0;0.0;8033;63;8034.0;83.0;0.0;0.0;8032.5;0.0
0;20609.0;8032;142;0.0;0.0;0.0;0.0;8034;142;0.0;0.0;0.0;0.0;8033.0;0.0
0;20610.0;8034;48;8033.0;95.0;0.0;0.0;8035;143;0.0;0.0;0.0;0.0;8034.5;0.0
0;20611.0;8034;114;0.0;0.0;0.0;0.0;8036;114;0.0;0.0;0.0;0.0;8035.0;0.0
0;20612.0;8035;122;0.0;0.0;0.0;0.0;8037;122;0.0;0.0;0.0;0.0;8036.0;0.0
0;20613.0;8036;126;0.0;0.0;0.0;0.0;8037;63;8038.0;63.0;0.0;0.0;8036.5;0.0
0;20614.0;8037;121;0.0;0.0;0.0;0.0;8039;121;0.0;0.0;0.0;0.0;8038.0;0.0
0;20615.0;8038;40;8037.0;59.0;0.0;0.0;8039;40;8040.0;59.0;0.0;0.0;8038.5;0.0
0;20616.0;8038;132;0.0;0.0;0.0;0.0;8040;132;0.0;0.0;0.0;0.0;8039.0;0.0
0;20617.0;8039;48;8038.0;75.0;0.0;0.0;8040;48;8041.0;75.0;0.0;0.0;8039.5;0.0
0;20618.0;8041;58;8040.0;56.0;0.0;0.0;8042;114;0.0;0.0;0.0;0.0;8041.5;0.0
0;20619.0;8040;128;0.0;0.0;0.0;0.0;8041;48;8042.0;80.0;0.0;0.0;8040.5;0.0
0;20620.0;8041;47;8040.0;89.0;0.0;0.0;8042;47;8043.0;89.0;0.0;0.0;8041.5;0.0
0;20621.0;8040;130;0.0;0.0;0.0;0.0;8042;130;0.0;0.0;0.0;0.0;8041.0;0.0
0;20622.0;8040;148;0.0;0.0;0.0;0.0;8041;53;8042.0;95.0;0.0;0.0;8040.5;0.0
0;20623.0;8038;142;0.0;0.0;0.0;0.0;8040;142;0.0;0.0;0.0;0.0;8039.0;0.0
0;20624.0;8037;63;8036.0;92.0;0.0;0.0;8038;155;0.0;0.0;0.0;0.0;8037.5;0.0
0;20625.0;8038;37;8037.0;60.0;0.0;0.0;8039;97;0.0;0.0;0.0;0.0;8038.5;0.0
0;20626.0;8037;142;0.0;0.0;0.0;0.0;8038;45;8039.0;97.0;0.0;0.0;8037.5;0.0
0;20627.0;8037;96;0.0;0.0;0.0;0.0;8038;53;8039.0;52.0;0.0;0.0;8037.5;0.0
0;20628.0;8037;130;0.0;0.0;0.0;0.0;8039;130;0.0;0.0;0.0;0.0;8038.0;0.0
0;20629.0;8040;63;8039.0;53.0;0.0;0.0;8041;63;8042.0;53.0;0.0;0.0;8040.5;0.0
0;20630.0;8039;53;8038.0;59.0;0.0;0.0;8040;112;0.0;0.0;0.0;0.0;8039.5;0.0
0;20631.0;8038;127;0.0;0.0;0.0;0.0;8040;127;0.0;0.0;0.0;0.0;8039.0;0.0
0;20632.0;8037;137;0.0;0.0;0.0;0.0;8039;137;0.0;0.0;0.0;0.0;8038.0;0.0
0;20633.0;8038;59;8037.0;88.0;0.0;0.0;8039;59;8040.0;88.0;0.0;0.0;8038.5;0.0
0;20634.0;8038;59;8037.0;97.0;0.0;0.0;8039;59;8040.0;97.0;0.0;0.0;8038.5;0.0
0;20635.0;8038;87;0.0;0.0;0.0;0.0;8039;35;8040.0;52.0;0.0;0.0;8038.5;0.0
0;20636.0;8037;130;0.0;0.0;0.0;0.0;8039;130;0.0;0.0;0.0;0.0;8038.0;0.0
0;20637.0;8038;116;0.0;0.0;0.0;0.0;8039;36;8040.0;80.0;0.0;0.0;8038.5;0.0
0;20638.0;8039;133;0.0;0.0;0.0;0.0;8040;62;8041.0;71.0;0.0;0.0;8039.5;0.0
0;20639.0;8038;93;0.0;0.0;0.0;0.0;8040;93;0.0;0.0;0.0;0.0;8039.0;0.0
0;20640.0;8038;135;0.0;0.0;0.0;0.0;8039;63;8040.0;72.0;0.0;0.0;8038.5;0.0
0;20641.0;8039;38;8038.0;69.0;0.0;0.0;8040;38;8041.0;69.0;0.0;0.0;8039.5;0.0
0;20642.0;8039;112;0.0;0.0;0.0;0.0;8041;112;0.0;0.0;0.0;0.0;8040.0;0.0
0;20643.0;8039;114;0.0;0.0;0.0;0.0;8041;114;0.0;0.0;0.0;0.0;8040.0;0.0
0;20644.0;8038;90;0.0;0.0;0.0;0.0;8040;90;0.0;0.0;0.0;0.0;8039.0;0.0
0;20645.0;8039;98;0.0;0.0;0.0;0.0;8040;44;8041.0;54.0;0.0;0.0;8039.5;0.0
0;20646.0;8037;134;0.0;0.0;0.0;0.0;8039;134;0.0;0.0;0.0;0.0;8038.0;0.0
0;20647.0;8035;124;0.0;0.0;0.0;0.0;8037;124;0.0;0.0;0.0;0.0;8036.0;0.0
0;20648.0;8035;61;8034.0;50.0;0.0;0.0;8036;61;8037.0;50.0;0.0;0.0;8035.5;0.0
0;20649.0;8037;55;8036.0;73.0;0.0;0.0;8038;128;0.0;0.0;0.0;0.0;8037.5;0.0
0;20650.0;8035;143;0.0;0.0;0.0;0.0;8036;54;8037.0;89.0;0.0;0.0;8035.5;0.0
0;20651.0;8034;126;0.0;0.0;0.0;0.0;8036;126;0.0;0.0;0.0;0.0;8035.0;0.0
0;20652.0;8034;39;8033.0;62.0;0.0;0.0;8035;101;0.0;0.0;0.0;0.0;8034.5;0.0
0;20653.0;8035;36;8034.0;67.0;0.0;0.0;8036;36;8037.0;67.0;0.0;0.0;8035.5;0.0
0;20654.0;8034;60;8033.0;51.0;0.0;0.0;8035;60;8036.0;51.0;0.0;0.0;8034.5;0.0
0;20655.0;8032;149;0.0;0.0;0.0;0.0;8033;60;8034.0;89.0;0.0;0.0;8032.5;0.0
0;20656.0;8031;124;0.0;0.0;0.0;0.0;8033;124;0.0;0.0;0.0;0.0;8032.0;0.0
0;20657.0;8032;47;8031.0;76.0;0.0;0.0;8033;123;0.0;0.0;0.0;0.0;8032.5;0.0
0;20658.0;8033;65;8032.0;56.0;0.0;0.0;8034;121;0.0;0.0;0.0;0.0;8033.5;0.0
0;20659.0;8031;128;0.0;0.0;0.0;0.0;8033;128;0.0;0.0;0.0;0.0;8032.0;0.0
0;20660.0;8032;57;8031.0;57.0;0.0;0.0;8033;118;0.0;0.0;0.0;0.0;8032.5;0.0
0;20661.0;8032;149;0.0;0.0;0.0;0.0;8034;149;0.0;0.0;0.0;0.0;8033.0;0.0
0;20662.0;8032;42;8031.0;74.0;0.0;0.0;8033;42;8034.0;74.0;0.0;0.0;8032.5;0.0
0;20663.0;8031;103;0.0;0.0;0.0;0.0;8033;103;0.0;0.0;0.0;0.0;8032.0;0.0
0;20664.0;8031;144;0.0;0.0;0.0;0.0;8033;144;0.0;0.0;0.0;0.0;8032.0;0.0
0;20665.0;8032;47;8031.0;69.0;0.0;0.0;8033;116;0.0;0.0;0.0;0.0;8032.5;0.0
0;20666.0;8031;147;0.0;0.0;0.0;0.0;8033;147;0.0;0.0;0.0;0.0;8032.0;0.0
0;20667.0;8031;36;8030.0;62.0;0.0;0.0;8032;36;8033.0;62.0;0.0;0.0;8031.5;0.0
0;20668.0;8030;121;0.0;0.0;0.0;0.0;8031;38;8032.0;83.0;0.0;0.0;8030.5;0.0
0;20669.0;8029;146;0.0;0.0;0.0;0.0;8031;146;0.0;0.0;0.0;0.0;8030.0;0.0
0;20670.0;8029;37;8028.0;70.0;0.0;0.0;8030;107;0.0;0.0;0.0;0.0;8029.5;0.0
0;20671.0;8029;163;0.0;0.0;0.0;0.0;8031;163;0.0;0.0;0.0;0.0;8030.0;0.0
0;20672.0;8029;113;0.0;0.0;0.0;0.0;8030;35;8031.0;78.0;0.0;0.0;8029.5;0.0
0;20673.0;8027;99;0.0;0.0;0.0;0.0;8029;99;0.0;0.0;0.0;0.0;8028.0;0.0
0;20674.0;8028;137;0.0;0.0;0.0;0.0;8029;42;8030.0;95.0;0.0;0.0;8028.5;0.0
0;20675.0;8028;127;0.0;0.0;0.0;0.0;8029;53;8030.0;74.0;0.0;0.0;8028.5;0.0
0;20676.0;8028;36;8027.0;53.0;0.0;0.0;8029;89;0.0;0.0;0.0;0.0;8028.5;0.0
0;20677.0;8027;62;8026.0;92.0;0.0;0.0;8028;62;8029.0;92.0;0.0;0.0;8027.5;0.0
0;20678.0;8027;115;0.0;0.0;0.0;0.0;8029;115;0.0;0.0;0.0;0.0;8028.0;0.0
0;20679.0;8026;64;8025.0;72.0;0.0;0.0;8027;64;8028.0;72.0;0.0;0.0;8026.5;0.0
0;20680.0;8025;134;0.0;0.0;0.0;0.0;8027;128;0.0;0.0;0.0;0.0;8026.0;0.0
0;20681.0;8025;135;0.0;0.0;0.0;0.0;8026;40;8027.0;95.0;0.0;0.0;8025.5;0.0
0;20682.0;8025;157;0.0;0.0;0.0;0.0;8026;62;8027.0;95.0;0.0;0.0;8025.5;0.0
0;20683.0;8025;107;0.0;0.0;0.0;0.0;8027;107;0.0;0.0;0.0;0.0;8026.0;0.0
0;20684.0;8028;48;8027.0;86.0;0.0;0.0;8029;134;0.0;0.0;0.0;0.0;8028.5;0.0
0;20685.0;8028;65;8027.0;62.0;0.0;0.0;8029;65;8030.0;62.0;0.0;0.0;8028.5;0.0
0;20686.0;8026;115;0.0;0.0;0.0;0.0;8028;115;0.0;0.0;0.0;0.0;8027.0;0.0
0;20687.0;8028;46;8027.0;72.0;0.0;0.0;8029;46;8030.0;72.0;0.0;0.0;8028.5;0.0
0;20688.0;8029;46;8028.0;94.0;0.0;0.0;8030;144;0.0;0.0;0.0;0.0;8029.5;0.0
0;20689.0;8029;135;0.0;0.0;0.0;0.0;8031;135;0.0;0.0;0.0;0.0;8030.0;0.0
0;20690.0;8028;148;0.0;0.0;0.0;0.0;8030;148;0.0;0.0;0.0;0.0;8029.0;0.0
0;20691.0;8028;126;0.0;0.0;0.0;0.0;8030;126;0.0;0.0;0.0;0.0;8029.0;0.0
0;20692.0;8030;51;8029.0;57.0;0.0;0.0;8031;108;0.0;0.0;0.0;0.0;8030.5;0.0
0;20693.0;8031;49;8030.0;82.0;0.0;0.0;8032;131;0.0;0.0;0.0;0.0;8031.5;0.0
0;20694.0;8031;52;8030.0;88.0;0.0;0.0;8032;52;8033.0;88.0;0.0;0.0;8031.5;0.0
0;20695.0;8030;148;0.0;0.0;0.0;0.0;8031;52;8032.0;96.0;0.0;0.0;8030.5;0.0
0;20696.0;8030;41;8029.0;77.0;0.0;0.0;8031;41;8032.0;77.0;0.0;0.0;8030.5;0.0
0;20697.0;8033;125;0.0;0.0;0.0;0.0;8034;56;8035.0;69.0;0.0;0.0;8033.5;0.0
0;20698.0;8032;56;8031.0;56.0;0.0;0.0;8033;56;8034.0;56.0;0.0;0.0;8032.5;0.0
0;20699.0;8031;112;0.0;0.0;0.0;0.0;8032;56;8033.0;56.0;0.0;0.0;8031.5;0.0
0;20700.0;8033;49;8032.0;97.0;0.0;0.0;8034;146;0.0;0.0;0.0;0.0;8033.5;0.0
0;20701.0;8033;42;8032.0;88.0;0.0;0.0;8034;130;0.0;0.0;0.0;0.0;8033.5;0.0
0;20702.0;8033;129;0.0;0.0;0.0;0.0;8035;129;0.0;0.0;0.0;0.0;8034.0;0.0
0;20703.0;8034;144;0.0;0.0;0.0;0.0;8036;144;0.0;0.0;0.0;0.0;8035.0;0.0
0;20704.0;8032;98;0.0;0.0;0.0;0.0;8033;42;8034.0;56.0;0.0;0.0;8032.5;0.0
0;20705.0;8032;54;8031.0;99.0;0.0;0.0;8033;54;8034.0;99.0;0.0;0.0;8032.5;0.0
0;20706.0;8031;145;0.0;0.0;0.0;0.0;8032;47;8033.0;98.0;0.0;0.0;8031.5;0.0
0;20707.0;8031;59;8030.0;61.0;0.0;0.0;8032;120;0.0;0.0;0.0;0.0;8031.5;0.0
0;20708.0;8030;113;0.0;0.0;0.0;0.0;8032;113;0.0;0.0;0.0;0.0;8031.0;0.0
0;20709.0;8031;43;8030.0;84.0;0.0;0.0;8032;127;0.0;0.0;0.0;0.0;8031.5;0.0
0;20710.0;8030;99;0.0;0.0;0.0;0.0;8032;99;0.0;0.0;0.0;0.0;8031.0;0.0
0;20711.0;8031;116;0.0;0.0;0.0;0.0;8032;39;8033.0;77.0;0.0;0.0;8031.5;0.0
0;20712.0;8030;38;8029.0;71.0;0.0;0.0;8031;109;0.0;0.0;0.0;0.0;8030.5;0.0
0;20713.0;8030;39;8029.0;67.0;0.0;0.0;8031;106;0.0;0.0;0.0;0.0;8030.5;0.0
0;20714.0;8029;144;0.0;0.0;0.0;0.0;8031;144;0.0;0.0;0.0;0.0;8030.0;0.0
0;20715.0;8030;49;8029.0;58.0;0.0;0.0;8031;107;0.0;0.0;0.0;0.0;8030.5;0.0
0;20716.0;8029;108;0.0;0.0;0.0;0.0;8030;64;8031.0;51.0;0.0;0.0;8029.5;0.0
0;20717.0;8028;136;0.0;0.0;0.0;0.0;8030;136;0.0;0.0;0.0;0.0;8029.0;0.0
0;20718.0;8027;54;8026.0;54.0;0.0;0.0;8028;108;0.0;0.0;0.0;0.0;8027.5;0.0
0;20719.0;8027;48;8026.0;70.0;0.0;0.0;8028;118;0.0;0.0;0.0;0.0;8027.5;0.0
0;20720.0;8026;133;0.0;0.0;0.0;0.0;8028;133;0.0;0.0;0.0;0.0;8027.0;0.0
0;20721.0;8026;127;0.0;0.0;0.0;0.0;8028;127;0.0;0.0;0.0;0.0;8027.0;0.0
0;20722.0;8026;36;8025.0;55.0;0.0;0.0;8027;91;0.0;0.0;0.0;0.0;8026.5;0.0
0;20723.0;8026;120;0.0;0.0;0.0;0.0;8028;120;0.0;0.0;0.0;0.0;8027.0;0.0
0;20724.0;8025;111;0.0;0.0;0.0;0.0;8026;38;8027.0;73.0;0.0;0.0;8025.5;0.0
0;20725.0;8026;63;8025.0;71.0;0.0;0.0;8027;134;0.0;0.0;0.0;0.0;8026.5;0.0
0;20726.0;8026;45;8025.0;96.0;0.0;0.0;8027;141;0.0;0.0;0.0;0.0;8026.5;0.0
0;20727.0;8026;134;0.0;0.0;0.0;0.0;8028;134;0.0;0.0;0.0;0.0;8027.0;0.0
0;20728.0;8028;42;8027.0;73.0;0.0;0.0;8029;115;0.0;0.0;0.0;0.0;8028.5;0.0
0;20729.0;8027;37;8026.0;88.0;0.0;0.0;8028;125;0.0;0.0;0.0;0.0;8027.5;0.0
0;20730.0;8027;35;8026.0;95.0;0.0;0.0;8028;130;0.0;0.0;0.0;0.0;8027.5;0.0
0;20731.0;8027;108;0.0;0.0;0.0;0.0;8029;108;0.0;0.0;0.0;0.0;8028.0;0.0
0;20732.0;8028;86;0.0;0.0;0.0;0.0;8029;36;8030.0;50.0;0.0;0.0;8028.5;0.0
0;20733.0;8027;57;8026.0;85.0;0.0;0.0;8028;57;8029.0;85.0;0.0;0.0;8027.5;0.0
0;20734.0;8027;161;0.0;0.0;0.0;0.0;8029;161;0.0;0.0;0.0;0.0;8028.0;0.0
0;20735.0;8029;141;0.0;0.0;0.0;0.0;8030;54;8031.0;87.0;0.0;0.0;8029.5;0.0
0;20736.0;8029;63;8028.0;94.0;0.0;0.0;8030;63;8031.0;94.0;0.0;0.0;8029.5;0.0
0;20737.0;8030;38;8029.0;79.0;0.0;0.0;8031;38;8032.0;79.0;0.0;0.0;8030.5;0.0
0;20738.0;8029;125;0.0;0.0;0.0;0.0;8031;125;0.0;0.0;0.0;0.0;8030.0;0.0
0;20739.0;8028;50;8027.0;97.0;0.0;0.0;8029;147;0.0;0.0;0.0;0.0;8028.5;0.0
0;20740.0;8027;117;0.0;0.0;0.0;0.0;8029;117;0.0;0.0;0.0;0.0;8028.0;0.0
0;20741.0;8027;101;0.0;0.0;0.0;0.0;8029;101;0.0;0.0;0.0;0.0;8028.0;0.0
0;20742.0;8028;35;8027.0;98.0;0.0;0.0;8029;35;8030.0;98.0;0.0;0.0;8028.5;0.0
0;20743.0;8028;117;0.0;0.0;0.0;0.0;8030;117;0.0;0.0;0.0;0.0;8029.0;0.0
0;20744.0;8029;113;0.0;0.0;0.0;0.0;8030;51;8031.0;62.0;0.0;0.0;8029.5;0.0
0;20745.0;8031;60;8030.0;72.0;0.0;0.0;8032;132;0.0;0.0;0.0;0.0;8031.5;0.0
0;20746.0;8031;91;0.0;0.0;0.0;0.0;8033;91;0.0;0.0;0.0;0.0;8032.0;0.0
0;20747.0;8033;41;8032.0;99.0;0.0;0.0;8034;41;8035.0;99.0;0.0;0.0;8033.5;0.0
0;20748.0;8035;63;8034.0;92.0;0.0;0.0;8036;155;0.0;0.0;0.0;0.0;8035.5;0.0
0;20749.0;8035;124;0.0;0.0;0.0;0.0;8037;124;0.0;0.0;0.0;0.0;8036.0;0.0
0;20750.0;8035;54;8034.0;100.0;0.0;0.0;8036;154;0.0;0.0;0.0;0.0;8035.5;0.0
0;20751.0;8034;89;0.0;0.0;0.0;0.0;8035;38;8036.0;51.0;0.0;0.0;8034.5;0.0
0;20752.0;8033;42;8032.0;54.0;0.0;0.0;8034;96;0.0;0.0;0.0;0.0;8033.5;0.0
0;20753.0;8032;126;0.0;0.0;0.0;0.0;8034;126;0.0;0.0;0.0;0.0;8033.0;0.0
0;20754.0;8033;150;0.0;0.0;0.0;0.0;8034;61;8035.0;89.0;0.0;0.0;8033.5;0.0
0;20755.0;8031;129;0.0;0.0;0.0;0.0;8033;129;0.0;0.0;0.0;0.0;8032.0;0.0
0;20756.0;8032;155;0.0;0.0;0.0;0.0;8034;155;0.0;0.0;0.0;0.0;8033.0;0.0
0;20757.0;8031;132;0.0;0.0;0.0;0.0;8033;132;0.0;0.0;0.0;0.0;8032.0;0.0
0;20758.0;8031;129;0.0;0.0;0.0;0.0;8032;61;8033.0;68.0;0.0;0.0;8031.5;0.0
0;20759.0;8032;124;0.0;0.0;0.0;0.0;8034;124;0.0;0.0;0.0;0.0;8033.0;0.0
0;20760.0;8032;128;0.0;0.0;0.0;0.0;8034;128;0.0;0.0;0.0;0.0;8033.0;0.0
0;20761.0;8033;51;8032.0;71.0;0.0;0.0;8034;122;0.0;0.0;0.0;0.0;8033.5;0.0
0;20762.0;8033;119;0.0;0.0;0.0;0.0;8035;119;0.0;0.0;0.0;0.0;8034.0;0.0
0;20763.0;8035;133;0.0;0.0;0.0;0.0;8036;40;8037.0;93.0;0.0;0.0;8035.5;0.0
0;20764.0;8034;52;8033.0;90.0;0.0;0.0;8035;142;0.0;0.0;0.0;0.0;8034.5;0.0
0;20765.0;8032;57;8031.0;56.0;0.0;0.0;8033;57;8034.0;56.0;0.0;0.0;8032.5;0.0
0;20766.0;8032;65;8031.0;76.0;0.0;0.0;8033;141;0.0;0.0;0.0;0.0;8032.5;0.0
0;20767.0;8032;157;0.0;0.0;0.0;0.0;8033;61;8034.0;96.0;0.0;0.0;8032.5;0.0
0;20768.0;8032;122;0.0;0.0;0.0;0.0;8033;53;8034.0;69.0;0.0;0.0;8032.5;0.0
0;20769.0;8031;61;8030.0;80.0;0.0;0.0;8032;61;8033.0;80.0;0.0;0.0;8031.5;0.0
0;20770.0;8030;53;8029.0;70.0;0.0;0.0;8031;53;8032.0;70.0;0.0;0.0;8030.5;0.0
0;20771.0;8030;99;0.0;0.0;0.0;0.0;8032;99;0.0;0.0;0.0;0.0;8031.0;0.0
0;20772.0;8030;139;0.0;0.0;0.0;0.0;8032;139;0.0;0.0;0.0;0.0;8031.0;0.0
0;20773.0;8030;101;0.0;0.0;0.0;0.0;8031;47;8032.0;54.0;0.0;0.0;8030.5;0.0
0;20774.0;8030;35;8029.0;73.0;0.0;0.0;8031;35;8032.0;73.0;0.0;0.0;8030.5;0.0
0;20775.0;8030;57;8029.0;94.0;0.0;0.0;8031;151;0.0;0.0;0.0;0.0;8030.5;0.0
0;20776.0;8030;64;8029.0;56.0;0.0;0.0;8031;64;8032.0;56.0;0.0;0.0;8030.5;0.0
0;20777.0;8031;117;0.0;0.0;0.0;0.0;8032;49;8033.0;68.0;0.0;0.0;8031.5;0.0
0;20778.0;8031;54;8030.0;50.0;0.0;0.0;8032;54;8033.0;50.0;0.0;0.0;8031.5;0.0
0;20779.0;8030;124;0.0;0.0;0.0;0.0;8032;124;0.0;0.0;0.0;0.0;8031.0;0.0
0;20780.0;8029;155;0.0;0.0;0.0;0.0;8031;155;0.0;0.0;0.0;0.0;8030.0;0.0
0;20781.0;8029;47;8028.0;84.0;0.0;0.0;8030;47;8031.0;84.0;0.0;0.0;8029.5;0.0
0;20782.0;8029;119;0.0;0.0;0.0;0.0;8030;58;8031.0;61.0;0.0;0.0;8029.5;0.0
0;20783.0;8029;121;0.0;0.0;0.0;0.0;8030;48;8031.0;73.0;0.0;0.0;8029.5;0.0
0;20784.0;8030;114;0.0;0.0;0.0;0.0;8032;114;0.0;0.0;0.0;0.0;8031.0;0.0
0;20785.0;8029;46;8028.0;60.0;0.0;0.0;8030;46;8031.0;60.0;0.0;0.0;8029.5;0.0
0;20786.0;8029;43;8028.0;78.0;0.0;0.0;8030;43;8031.0;78.0;0.0;0.0;8029.5;0.0
0;20787.0;8028;103;0.0;0.0;0.0;0.0;8030;103;0.0;0.0;0.0;0.0;8029.0;0.0
0;20788.0;8029;55;8028.0;71.0;0.0;0.0;8030;126;0.0;0.0;0.0;0.0;8029.5;0.0
0;20789.0;8027;126;0.0;0.0;0.0;0.0;8029;126;0.0;0.0;0.0;0.0;8028.0;0.0
0;20790.0;8026;126;0.0;0.0;0.0;0.0;8027;62;8028.0;64.0;0.0;0.0;8026.5;0.0
0;20791.0;8026;129;0.0;0.0;0.0;0.0;8027;44;8028.0;85.0;0.0;0.0;8026.5;0.0
0;20792.0;8027;139;0.0;0.0;0.0;0.0;8029;139;0.0;0.0;0.0;0.0;8028.0;0.0
0;20793.0;8029;47;8028.0;56.0;0.0;0.0;8030;103;0.0;0.0;0.0;0.0;8029.5;0.0
0;20794.0;8027;48;8026.0;80.0;0.0;0.0;8028;48;8029.0;80.0;0.0;0.0;8027.5;0.0
0;20795.0;8028;141;0.0;0.0;0.0;0.0;8029;44;8030.0;97.0;0.0;0.0;8028.5;0.0
0;20796.0;8028;116;0.0;0.0;0.0;0.0;8030;116;0.0;0.0;0.0;0.0;8029.0;0.0
0;20797.0;8027;59;8026.0;75.0;0.0;0.0;8028;134;0.0;0.0;0.0;0.0;8027.5;0.0
0;20798.0;8025;139;0.0;0.0;0.0;0.0;8027;139;0.0;0.0;0.0;0.0;8026.0;0.0
0;20799.0;8027;115;0.0;0.0;0.0;0.0;8028;45;8029.0;70.0;0.0;0.0;8027.5;0.0
0;20800.0;8028;62;8027.0;50.0;0.0;0.0;8029;62;8030.0;50.0;0.0;0.0;8028.5;0.0
0;20801.0;8029;42;8028.0;57.0;0.0;0.0;8030;99;0.0;0.0;0.0;0.0;8029.5;0.0
0;20802.0;8028;57;8027.0;92.0;0.0;0.0;8029;57;8030.0;92.0;0.0;0.0;8028.5;0.0
0;20803.0;8026;153;0.0;0.0;0.0;0.0;8028;153;0.0;0.0;0.0;0.0;8027.0;0.0
0;20804.0;8027;59;8026.0;68.0;0.0;0.0;8028;127;0.0;0.0;0.0;0.0;8027.5;0.0
0;20805.0;8029;59;8028.0;66.0;0.0;0.0;8030;125;0.0;0.0;0.0;0.0;8029.5;0.0
0;20806.0;8026;103;0.0;0.0;0.0;0.0;8028;103;0.0;0.0;0.0;0.0;8027.0;0.0
0;20807.0;8025;125;0.0;0.0;0.0;0.0;8027;125;0.0;0.0;0.0;0.0;8026.0;0.0
0;20808.0;8026;61;8025.0;90.0;0.0;0.0;8027;151;0.0;0.0;0.0;0.0;8026.5;0.0
0;20809.0;8025;123;0.0;0.0;0.0;0.0;8026;54;8027.0;60.0;0.0;0.0;8025.5;0.0
0;20810.0;8025;63;8024.0;77.0;0.0;0.0;8026;63;8027.0;77.0;0.0;0.0;8025.5;0.0
0;20811.0;8023;145;0.0;0.0;0.0;0.0;8025;145;0.0;0.0;0.0;0.0;8024.0;0.0
0;20812.0;8023;118;0.0;0.0;0.0;0.0;8025;118;0.0;0.0;0.0;0.0;8024.0;0.0
0;20813.0;8023;127;0.0;0.0;0.0;0.0;8025;127;0.0;0.0;0.0;0.0;8024.0;0.0
0;20814.0;8023;51;8022.0;82.0;0.0;0.0;8024;51;8025.0;82.0;0.0;0.0;8023.5;0.0
0;20815.0;8023;113;0.0;0.0;0.0;0.0;8024;62;8025.0;51.0;0.0;0.0;8023.5;0.0
0;20816.0;8022;47;8021.0;59.0;0.0;0.0;8023;106;0.0;0.0;0.0;0.0;8022.5;0.0
0;20817.0;8021;164;0.0;0.0;0.0;0.0;8022;64;8023.0;100.0;0.0;0.0;8021.5;0.0
0;20818.0;8022;48;8021.0;87.0;0.0;0.0;8023;135;0.0;0.0;0.0;0.0;8022.5;0.0
0;20819.0;8021;134;0.0;0.0;0.0;0.0;8022;47;8023.0;87.0;0.0;0.0;8021.5;0.0
0;20820.0;8021;108;0.0;0.0;0.0;0.0;8022;51;8023.0;57.0;0.0;0.0;8021.5;0.0
0;20821.0;8021;126;0.0;0.0;0.0;0.0;8023;126;0.0;0.0;0.0;0.0;8022.0;0.0
0;20822.0;8020;119;0.0;0.0;0.0;0.0;8022;119;0.0;0.0;0.0;0.0;8021.0;0.0
0;20823.0;8021;141;0.0;0.0;0.0;0.0;8023;141;0.0;0.0;0.0;0.0;8022.0;0.0
0;20824.0;8021;53;8020.0;72.0;0.0;0.0;8022;53;8023.0;72.0;0.0;0.0;8021.5;0.0
0;20825.0;8020;127;0.0;0.0;0.0;0.0;8021;39;8022.0;88.0;0.0;0.0;8020.5;0.0
0;20826.0;8020;50;8019.0;59.0;0.0;0.0;8021;109;0.0;0.0;0.0;0.0;8020.5;0.0
0;20827.0;8021;36;8020.0;60.0;0.0;0.0;8022;36;8023.0;60.0;0.0;0.0;8021.5;0.0
0;20828.0;8019;156;0.0;0.0;0.0;0.0;8021;156;0.0;0.0;0.0;0.0;8020.0;0.0
0;20829.0;8017;113;0.0;0.0;0.0;0.0;8019;113;0.0;0.0;0.0;0.0;8018.0;0.0
0;20830.0;8020;125;0.0;0.0;0.0;0.0;8021;38;8022.0;87.0;0.0;0.0;8020.5;0.0
0;20831.0;8020;130;0.0;0.0;0.0;0.0;8022;130;0.0;0.0;0.0;0.0;8021.0;0.0
0;20832.0;8021;99;0.0;0.0;0.0;0.0;8022;41;8023.0;58.0;0.0;0.0;8021.5;0.0
0;20833.0;8023;48;8022.0;54.0;0.0;0.0;8024;48;8025.0;54.0;0.0;0.0;8023.5;0.0
0;20834.0;8024;35;8023.0;52.0;0.0;0.0;8025;35;8026.0;52.0;0.0;0.0;8024.5;0.0
0;20835.0;8025;114;0.0;0.0;0.0;0.0;8026;54;8027.0;60.0;0.0;0.0;8025.5;0.0
0;20836.0;8025;36;8024.0;60.0;0.0;0.0;8026;96;0.0;0.0;0.0;0.0;8025.5;0.0
0;20837.0;8025;46;8024.0;79.0;0.0;0.0;8026;46;8027.0;79.0;0.0;0.0;8025.5;0.0
0;20838.0;8026;115;0.0;0.0;0.0;0.0;8028;115;0.0;0.0;0.0;0.0;8027.0;0.0
0;20839.0;8025;140;0.0;0.0;0.0;0.0;8027;150;0.0;0.0;0.0;0.0;8026.0;0.0
0;20840.0;8025;48;8024.0;60.0;0.0;0.0;8026;48;8027.0;60.0;0.0;0.0;8025.5;0.0
0;20841.0;8024;128;0.0;0.0;0.0;0.0;8026;128;0.0;0.0;0.0;0.0;8025.0;0.0
0;20842.0;8024;114;0.0;0.0;0.0;0.0;8025;52;8026.0;62.0;0.0;0.0;8024.5;0.0
0;20843.0;8026;52;8025.0;69.0;0.0;0.0;8027;52;8028.0;69.0;0.0;0.0;8026.5;0.0
0;20844.0;8028;62;8027.0;98.0;0.0;0.0;8029;160;0.0;0.0;0.0;0.0;8028.5;0.0
0;20845.0;8028;121;0.0;0.0;0.0;0.0;8029;57;8030.0;64.0;0.0;0.0;8028.5;0.0
0;20846.0;8027;62;8026.0;76.0;0.0;0.0;8028;62;8029.0;76.0;0.0;0.0;8027.5;0.0
0;20847.0;8027;127;0.0;0.0;0.0;0.0;8029;127;0.0;0.0;0.0;0.0;8028.0;0.0
0;20848.0;8027;37;8026.0;56.0;0.0;0.0;8028;93;0.0;0.0;0.0;0.0;8027.5;0.0
0;20849.0;8026;164;0.0;0.0;0.0;0.0;8027;64;8028.0;100.0;0.0;0.0;8026.5;0.0
0;20850.0;8027;104;0.0;0.0;0.0;0.0;8029;104;0.0;0.0;0.0;0.0;8028.0;0.0
0;20851.0;8027;61;8026.0;70.0;0.0;0.0;8028;131;0.0;0.0;0.0;0.0;8027.5;0.0
0;20852.0;8028;111;0.0;0.0;0.0;0.0;8030;111;0.0;0.0;0.0;0.0;8029.0;0.0
0;20853.0;8027;46;8026.0;95.0;0.0;0.0;8028;46;8029.0;95.0;0.0;0.0;8027.5;0.0
0;20854.0;8025;111;0.0;0.0;0.0;0.0;8026;48;8027.0;63.0;0.0;0.0;8025.5;0.0
0;20855.0;8024;152;0.0;0.0;0.0;0.0;8025;53;8026.0;99.0;0.0;0.0;8024.5;0.0
0;20856.0;8024;55;8023.0;61.0;0.0;0.0;8025;116;0.0;0.0;0.0;0.0;8024.5;0.0
0;20857.0;8024;135;0.0;0.0;0.0;0.0;8025;40;8026.0;95.0;0.0;0.0;8024.5;0.0
0;20858.0;8024;99;0.0;0.0;0.0;0.0;8026;99;0.0;0.0;0.0;0.0;8025.0;0.0
0;20859.0;8024;35;8023.0;70.0;0.0;0.0;8025;35;8026.0;70.0;0.0;0.0;8024.5;0.0
0;20860.0;8024;134;0.0;0.0;0.0;0.0;8026;134;0.0;0.0;0.0;0.0;8025.0;0.0
0;20861.0;8026;113;0.0;0.0;0.0;0.0;8027;44;8028.0;69.0;0.0;0.0;8026.5;0.0
0;20862.0;8026;45;8025.0;60.0;0.0;0.0;8027;51;8028.0;60.0;0.0;0.0;8026.5;0.0
0;20863.0;8024;52;8023.0;91.0;0.0;0.0;8025;52;8026.0;91.0;0.0;0.0;8024.5;0.0
0;20864.0;8024;45;8023.0;75.0;0.0;0.0;8025;45;8026.0;75.0;0.0;0.0;8024.5;0.0
0;20865.0;8024;97;0.0;0.0;0.0;0.0;8026;97;0.0;0.0;0.0;0.0;8025.0;0.0
0;20866.0;8024;89;0.0;0.0;0.0;0.0;8026;89;0.0;0.0;0.0;0.0;8025.0;0.0
0;20867.0;8024;108;0.0;0.0;0.0;0.0;8026;108;0.0;0.0;0.0;0.0;8025.0;0.0
0;20868.0;8025;148;0.0;0.0;0.0;0.0;8027;148;0.0;0.0;0.0;0.0;8026.0;0.0
0;20869.0;8024;112;0.0;0.0;0.0;0.0;8026;112;0.0;0.0;0.0;0.0;8025.0;0.0
0;20870.0;8025;114;0.0;0.0;0.0;0.0;8026;62;8027.0;52.0;0.0;0.0;8025.5;0.0
0;20871.0;8025;47;8024.0;90.0;0.0;0.0;8026;137;0.0;0.0;0.0;0.0;8025.5;0.0
0;20872.0;8024;138;0.0;0.0;0.0;0.0;8026;138;0.0;0.0;0.0;0.0;8025.0;0.0
0;20873.0;8025;127;0.0;0.0;0.0;0.0;8027;127;0.0;0.0;0.0;0.0;8026.0;0.0
0;20874.0;8024;147;0.0;0.0;0.0;0.0;8026;156;0.0;0.0;0.0;0.0;8025.0;0.0
0;20875.0;8024;101;0.0;0.0;0.0;0.0;8026;101;0.0;0.0;0.0;0.0;8025.0;0.0
0;20876.0;8024;158;0.0;0.0;0.0;0.0;8026;158;0.0;0.0;0.0;0.0;8025.0;0.0
0;20877.0;8025;118;0.0;0.0;0.0;0.0;8026;40;8027.0;78.0;0.0;0.0;8025.5;0.0
0;20878.0;8024;133;0.0;0.0;0.0;0.0;8026;133;0.0;0.0;0.0;0.0;8025.0;0.0
0;20879.0;8023;54;8022.0;78.0;0.0;0.0;8024;132;0.0;0.0;0.0;0.0;8023.5;0.0
0;20880.0;8023;121;0.0;0.0;0.0;0.0;8025;121;0.0;0.0;0.0;0.0;8024.0;0.0
0;20881.0;8023;138;0.0;0.0;0.0;0.0;8025;138;0.0;0.0;0.0;0.0;8024.0;0.0
0;20882.0;8022;116;0.0;0.0;0.0;0.0;8024;116;0.0;0.0;0.0;0.0;8023.0;0.0
0;20883.0;8023;44;8022.0;75.0;0.0;0.0;8024;44;8025.0;75.0;0.0;0.0;8023.5;0.0
0;20884.0;8021;115;0.0;0.0;0.0;0.0;8023;115;0.0;0.0;0.0;0.0;8022.0;0.0
0;20885.0;8021;96;0.0;0.0;0.0;0.0;8023;96;0.0;0.0;0.0;0.0;8022.0;0.0
0;20886.0;8022;63;8021.0;58.0;0.0;0.0;8023;63;8024.0;58.0;0.0;0.0;8022.5;0.0
0;20887.0;8021;100;0.0;0.0;0.0;0.0;8023;100;0.0;0.0;0.0;0.0;8022.0;0.0
0;20888.0;8023;54;8022.0;50.0;0.0;0.0;8024;54;8025.0;50.0;0.0;0.0;8023.5;0.0
0;20889.0;8023;111;0.0;0.0;0.0;0.0;8024;60;8025.0;51.0;0.0;0.0;8023.5;0.0
0;20890.0;8022;107;0.0;0.0;0.0;0.0;8024;107;0.0;0.0;0.0;0.0;8023.0;0.0
0;20891.0;8022;102;0.0;0.0;0.0;0.0;8023;45;8024.0;57.0;0.0;0.0;8022.5;0.0
0;20892.0;8020;134;0.0;0.0;0.0;0.0;8022;134;0.0;0.0;0.0;0.0;8021.0;0.0
0;20893.0;8021;120;0.0;0.0;0.0;0.0;8023;120;0.0;0.0;0.0;0.0;8022.0;0.0
0;20894.0;8021;64;8020.0;65.0;0.0;0.0;8022;64;8023.0;65.0;0.0;0.0;8021.5;0.0
0;20895.0;8022;55;8021.0;70.0;0.0;0.0;8023;55;8024.0;70.0;0.0;0.0;8022.5;0.0
0;20896.0;8023;120;0.0;0.0;0.0;0.0;8025;113;0.0;0.0;0.0;0.0;8024.0;0.0
0;20897.0;8024;64;8023.0;62.0;0.0;0.0;8025;64;8026.0;62.0;0.0;0.0;8024.5;0.0
0;20898.0;8025;137;0.0;0.0;0.0;0.0;8026;44;8027.0;93.0;0.0;0.0;8025.5;0.0
0;20899.0;8027;61;8026.0;61.0;0.0;0.0;8028;61;8029.0;61.0;0.0;0.0;8027.5;0.0
0;20900.0;8026;147;0.0;0.0;0.0;0.0;8027;47;8028.0;100.0;0.0;0.0;8026.5;0.0
0;20901.0;8027;143;0.0;0.0;0.0;0.0;8029;143;0.0;0.0;0.0;0.0;8028.0;0.0
0;20902.0;8026;97;0.0;0.0;0.0;0.0;8028;97;0.0;0.0;0.0;0.0;8027.0;0.0
0;20903.0;8026;116;0.0;0.0;0.0;0.0;8027;40;8028.0;76.0;0.0;0.0;8026.5;0.0
0;20904.0;8026;133;0.0;0.0;0.0;0.0;8028;133;0.0;0.0;0.0;0.0;8027.0;0.0
0;20905.0;8025;125;0.0;0.0;0.0;0.0;8026;40;8027.0;85.0;0.0;0.0;8025.5;0.0
0;20906.0;8025;93;0.0;0.0;0.0;0.0;8026;43;8027.0;50.0;0.0;0.0;8025.5;0.0
0;20907.0;8027;52;8026.0;94.0;0.0;0.0;8028;146;0.0;0.0;0.0;0.0;8027.5;0.0
0;20908.0;8026;44;8025.0;51.0;0.0;0.0;8027;95;0.0;0.0;0.0;0.0;8026.5;0.0
0;20909.0;8026;134;0.0;0.0;0.0;0.0;8027;43;8028.0;91.0;0.0;0.0;8026.5;0.0
0;20910.0;8025;130;0.0;0.0;0.0;0.0;8026;40;8027.0;90.0;0.0;0.0;8025.5;0.0
0;20911.0;8024;153;0.0;0.0;0.0;0.0;8025;53;8026.0;100.0;0.0;0.0;8024.5;0.0
0;20912.0;8023;43;8022.0;90.0;0.0;0.0;8024;126;0.0;0.0;0.0;0.0;8023.5;0.0
0;20913.0;8023;138;0.0;0.0;0.0;0.0;8025;138;0.0;0.0;0.0;0.0;8024.0;0.0
0;20914.0;8024;126;0.0;0.0;0.0;0.0;8025;58;8026.0;68.0;0.0;0.0;8024.5;0.0
0;20915.0;8023;53;8022.0;64.0;0.0;0.0;8024;53;8025.0;64.0;0.0;0.0;8023.5;0.0
0;20916.0;8025;35;8024.0;83.0;0.0;0.0;8026;35;8027.0;83.0;0.0;0.0;8025.5;0.0
0;20917.0;8024;65;8023.0;92.0;0.0;0.0;8025;157;0.0;0.0;0.0;0.0;8024.5;0.0
0;20918.0;8023;135;0.0;0.0;0.0;0.0;8025;135;0.0;0.0;0.0;0.0;8024.0;0.0
0;20919.0;8025;56;8024.0;53.0;0.0;0.0;8026;109;0.0;0.0;0.0;0.0;8025.5;0.0
0;20920.0;8023;94;0.0;0.0;0.0;0.0;8024;37;8025.0;57.0;0.0;0.0;8023.5;0.0
0;20921.0;8023;36;8022.0;95.0;0.0;0.0;8024;36;8025.0;95.0;0.0;0.0;8023.5;0.0
0;20922.0;8023;52;8022.0;78.0;0.0;0.0;8024;52;8025.0;78.0;0.0;0.0;8023.5;0.0
0;20923.0;8022;155;0.0;0.0;0.0;0.0;8024;155;0.0;0.0;0.0;0.0;8023.0;0.0
0;20924.0;8022;101;0.0;0.0;0.0;0.0;8024;101;0.0;0.0;0.0;0.0;8023.0;0.0
0;20925.0;8023;124;0.0;0.0;0.0;0.0;8025;124;0.0;0.0;0.0;0.0;8024.0;0.0
0;20926.0;8025;58;8024.0;66.0;0.0;0.0;8026;124;0.0;0.0;0.0;0.0;8025.5;0.0
0;20927.0;8026;53;8025.0;70.0;0.0;0.0;8027;123;0.0;0.0;0.0;0.0;8026.5;0.0
0;20928.0;8024;121;0.0;0.0;0.0;0.0;8026;121;0.0;0.0;0.0;0.0;8025.0;0.0
0;20929.0;8024;161;0.0;0.0;0.0;0.0;8026;161;0.0;0.0;0.0;0.0;8025.0;0.0
0;20930.0;8023;122;0.0;0.0;0.0;0.0;8025;122;0.0;0.0;0.0;0.0;8024.0;0.0
0;20931.0;8024;42;8023.0;74.0;0.0;0.0;8025;116;0.0;0.0;0.0;0.0;8024.5;0.0
0;20932.0;8023;63;8022.0;59.0;0.0;0.0;8024;63;8025.0;59.0;0.0;0.0;8023.5;0.0
0;20933.0;8023;131;0.0;0.0;0.0;0.0;8025;131;0.0;0.0;0.0;0.0;8024.0;0.0
0;20934.0;8023;47;8022.0;85.0;0.0;0.0;8024;132;0.0;0.0;0.0;0.0;8023.5;0.0
0;20935.0;8022;99;0.0;0.0;0.0;0.0;8024;99;0.0;0.0;0.0;0.0;8023.0;0.0
0;20936.0;8021;121;0.0;0.0;0.0;0.0;8023;121;0.0;0.0;0.0;0.0;8022.0;0.0
0;20937.0;8022;53;8021.0;74.0;0.0;0.0;8023;63;8024.0;74.0;0.0;0.0;8022.5;0.0
0;20938.0;8019;89;0.0;0.0;0.0;0.0;8021;89;0.0;0.0;0.0;0.0;8020.0;0.0
0;20939.0;8019;116;0.0;0.0;0.0;0.0;8020;59;8021.0;57.0;0.0;0.0;8019.5;0.0
0;20940.0;8019;48;8018.0;87.0;0.0;0.0;8020;48;8021.0;87.0;0.0;0.0;8019.5;0.0
0;20941.0;8019;49;8018.0;83.0;0.0;0.0;8020;132;0.0;0.0;0.0;0.0;8019.5;0.0
0;20942.0;8020;126;0.0;0.0;0.0;0.0;8022;126;0.0;0.0;0.0;0.0;8021.0;0.0
0;20943.0;8020;65;8019.0;55.0;0.0;0.0;8021;65;8022.0;55.0;0.0;0.0;8020.5;0.0
0;20944.0;8019;51;8018.0;98.0;0.0;0.0;8020;149;0.0;0.0;0.0;0.0;8019.5;0.0
0;20945.0;8019;35;8018.0;71.0;0.0;0.0;8020;106;0.0;0.0;0.0;0.0;8019.5;0.0
0;20946.0;8019;113;0.0;0.0;0.0;0.0;8020;55;8021.0;58.0;0.0;0.0;8019.5;0.0
0;20947.0;8019;111;0.0;0.0;0.0;0.0;8020;39;8021.0;72.0;0.0;0.0;8019.5;0.0
0;20948.0;8019;149;0.0;0.0;0.0;0.0;8021;149;0.0;0.0;0.0;0.0;8020.0;0.0
0;20949.0;8018;128;0.0;0.0;0.0;0.0;8020;128;0.0;0.0;0.0;0.0;8019.0;0.0
0;20950.0;8018;150;0.0;0.0;0.0;0.0;8020;150;0.0;0.0;0.0;0.0;8019.0;0.0
0;20951.0;8018;43;8017.0;53.0;0.0;0.0;8019;96;0.0;0.0;0.0;0.0;8018.5;0.0
0;20952.0;8018;131;0.0;0.0;0.0;0.0;8020;131;0.0;0.0;0.0;0.0;8019.0;0.0
0;20953.0;8020;143;0.0;0.0;0.0;0.0;8022;143;0.0;0.0;0.0;0.0;8021.0;0.0
0;20954.0;8021;110;0.0;0.0;0.0;0.0;8023;110;0.0;0.0;0.0;0.0;8022.0;0.0
0;20955.0;8019;105;0.0;0.0;0.0;0.0;8020;54;8021.0;51.0;0.0;0.0;8019.5;0.0
0;20956.0;8020;125;0.0;0.0;0.0;0.0;8021;43;8022.0;82.0;0.0;0.0;8020.5;0.0
0;20957.0;8019;150;0.0;0.0;0.0;0.0;8021;150;0.0;0.0;0.0;0.0;8020.0;0.0
0;20958.0;8019;138;0.0;0.0;0.0;0.0;8020;57;8021.0;81.0;0.0;0.0;8019.5;0.0
0;20959.0;8018;123;0.0;0.0;0.0;0.0;8019;55;8020.0;68.0;0.0;0.0;8018.5;0.0
0;20960.0;8019;135;0.0;0.0;0.0;0.0;8020;40;8021.0;95.0;0.0;0.0;8019.5;0.0
0;20961.0;8017;139;0.0;0.0;0.0;0.0;8019;139;0.0;0.0;0.0;0.0;8018.0;0.0
0;20962.0;8018;36;8017.0;65.0;0.0;0.0;8019;36;8020.0;65.0;0.0;0.0;8018.5;0.0
0;20963.0;8017;47;8016.0;89.0;0.0;0.0;8018;136;0.0;0.0;0.0;0.0;8017.5;0.0
0;20964.0;8017;133;0.0;0.0;0.0;0.0;8018;8;8019.0;133.0;0.0;0.0;8017.5;0.0
0;20965.0;8017;144;0.0;0.0;0.0;0.0;8019;144;0.0;0.0;0.0;0.0;8018.0;0.0
0;20966.0;8015;48;8014.0;68.0;0.0;0.0;8016;48;8017.0;68.0;0.0;0.0;8015.5;0.0
0;20967.0;8017;137;0.0;0.0;0.0;0.0;8018;58;8019.0;79.0;0.0;0.0;8017.5;0.0
0;20968.0;8017;135;0.0;0.0;0.0;0.0;8019;135;0.0;0.0;0.0;0.0;8018.0;0.0
0;20969.0;8019;44;8018.0;89.0;0.0;0.0;8020;133;0.0;0.0;0.0;0.0;8019.5;0.0
0;20970.0;8018;119;0.0;0.0;0.0;0.0;8020;119;0.0;0.0;0.0;0.0;8019.0;0.0
0;20971.0;8018;41;8017.0;78.0;0.0;0.0;8019;36;8020.0;78.0;0.0;0.0;8018.5;0.0
0;20972.0;8017;46;8016.0;51.0;0.0;0.0;8018;46;8019.0;51.0;0.0;0.0;8017.5;0.0
0;20973.0;8018;124;0.0;0.0;0.0;0.0;8019;40;8020.0;84.0;0.0;0.0;8018.5;0.0
0;20974.0;8019;93;0.0;0.0;0.0;0.0;8020;41;8021.0;52.0;0.0;0.0;8019.5;0.0
0;20975.0;8019;142;0.0;0.0;0.0;0.0;8021;142;0.0;0.0;0.0;0.0;8020.0;0.0
0;20976.0;8021;139;0.0;0.0;0.0;0.0;8022;64;8023.0;75.0;0.0;0.0;8021.5;0.0
0;20977.0;8022;49;8021.0;56.0;0.0;0.0;8023;105;0.0;0.0;0.0;0.0;8022.5;0.0
0;20978.0;8022;46;8021.0;67.0;0.0;0.0;8023;46;8024.0;67.0;0.0;0.0;8022.5;0.0
0;20979.0;8022;92;0.0;0.0;0.0;0.0;8024;92;0.0;0.0;0.0;0.0;8023.0;0.0
0;20980.0;8024;42;8023.0;90.0;0.0;0.0;8025;132;0.0;0.0;0.0;0.0;8024.5;0.0
0;20981.0;8023;126;0.0;0.0;0.0;0.0;8025;126;0.0;0.0;0.0;0.0;8024.0;0.0
0;20982.0;8021;149;0.0;0.0;0.0;0.0;8023;149;0.0;0.0;0.0;0.0;8022.0;0.0
0;20983.0;8023;59;8022.0;64.0;0.0;0.0;8024;59;8025.0;64.0;0.0;0.0;8023.5;0.0
0;20984.0;8024;122;0.0;0.0;0.0;0.0;8026;122;0.0;0.0;0.0;0.0;8025.0;0.0
0;20985.0;8024;36;8023.0;79.0;0.0;0.0;8025;115;0.0;0.0;0.0;0.0;8024.5;0.0
0;20986.0;8023;102;0.0;0.0;0.0;0.0;8025;102;0.0;0.0;0.0;0.0;8024.0;0.0
0;20987.0;8024;45;8023.0;84.0;0.0;0.0;8025;129;0.0;0.0;0.0;0.0;8024.5;0.0
0;20988.0;8023;128;0.0;0.0;0.0;0.0;8025;128;0.0;0.0;0.0;0.0;8024.0;0.0
0;20989.0;8022;146;0.0;0.0;0.0;0.0;8024;146;0.0;0.0;0.0;0.0;8023.0;0.0
0;20990.0;8023;134;0.0;0.0;0.0;0.0;8024;51;8025.0;83.0;0.0;0.0;8023.5;0.0
0;20991.0;8024;37;8023.0;74.0;0.0;0.0;8025;111;0.0;0.0;0.0;0.0;8024.5;0.0
0;20992.0;8026;146;0.0;0.0;0.0;0.0;8027;65;8028.0;81.0;0.0;0.0;8026.5;0.0
0;20993.0;8027;112;0.0;0.0;0.0;0.0;8029;112;0.0;0.0;0.0;0.0;8028.0;0.0
0;20994.0;8029;52;8028.0;55.0;0.0;0.0;8030;107;0.0;0.0;0.0;0.0;8029.5;0.0
0;20995.0;8029;100;0.0;0.0;0.0;0.0;8030;9;8031.0;100.0;0.0;0.0;8029.5;0.0
0;20996.0;8030;101;0.0;0.0;0.0;0.0;8031;47;8032.0;54.0;0.0;0.0;8030.5;0.0
0;20997.0;8029;122;0.0;0.0;0.0;0.0;8031;122;0.0;0.0;0.0;0.0;8030.0;0.0
0;20998.0;8029;65;8028.0;50.0;0.0;0.0;8030;115;0.0;0.0;0.0;0.0;8029.5;0.0
0;20999.0;8028;124;0.0;0.0;0.0;0.0;8030;124;0.0;0.0;0.0;0.0;8029.0;0.0
0;21000.0;8029;42;8028.0;98.0;0.0;0.0;8030;140;0.0;0.0;0.0;0.0;8029.5;0.0
0;21001.0;8029;121;0.0;0.0;0.0;0.0;8031;121;0.0;0.0;0.0;0.0;8030.0;0.0
0;21002.0;8029;39;8028.0;77.0;0.0;0.0;8030;116;0.0;0.0;0.0;0.0;8029.5;0.0
0;21003.0;8029;131;0.0;0.0;0.0;0.0;8031;131;0.0;0.0;0.0;0.0;8030.0;0.0
0;21004.0;8029;126;0.0;0.0;0.0;0.0;8031;126;0.0;0.0;0.0;0.0;8030.0;0.0
0;21005.0;8028;37;8027.0;88.0;0.0;0.0;8029;37;8030.0;88.0;0.0;0.0;8028.5;0.0
0;21006.0;8027;133;0.0;0.0;0.0;0.0;8028;39;8029.0;94.0;0.0;0.0;8027.5;0.0
0;21007.0;8025;42;8024.0;94.0;0.0;0.0;8026;136;0.0;0.0;0.0;0.0;8025.5;0.0
0;21008.0;8024;102;0.0;0.0;0.0;0.0;8025;39;8026.0;63.0;0.0;0.0;8024.5;0.0
0;21009.0;8025;104;0.0;0.0;0.0;0.0;8027;104;0.0;0.0;0.0;0.0;8026.0;0.0
0;21010.0;8025;60;8024.0;97.0;0.0;0.0;8026;60;8027.0;97.0;0.0;0.0;8025.5;0.0
0;21011.0;8024;111;0.0;0.0;0.0;0.0;8026;111;0.0;0.0;0.0;0.0;8025.0;0.0
0;21012.0;8024;47;8023.0;95.0;0.0;0.0;8025;142;0.0;0.0;0.0;0.0;8024.5;0.0
0;21013.0;8025;65;8024.0;85.0;0.0;0.0;8026;65;8027.0;85.0;0.0;0.0;8025.5;0.0
0;21014.0;8025;132;0.0;0.0;0.0;0.0;8027;132;0.0;0.0;0.0;0.0;8026.0;0.0
0;21015.0;8026;58;8025.0;86.0;0.0;0.0;8027;144;0.0;0.0;0.0;0.0;8026.5;0.0
0;21016.0;8024;132;0.0;0.0;0.0;0.0;8025;38;8026.0;94.0;0.0;0.0;8024.5;0.0
0;21017.0;8024;131;0.0;0.0;0.0;0.0;8026;131;0.0;0.0;0.0;0.0;8025.0;0.0
0;21018.0;8025;53;8024.0;54.0;0.0;0.0;8026;107;0.0;0.0;0.0;0.0;8025.5;0.0
0;21019.0;8024;55;8023.0;100.0;0.0;0.0;8025;55;8026.0;100.0;0.0;0.0;8024.5;0.0
0;21020.0;8026;55;8025.0;94.0;0.0;0.0;8027;55;8028.0;94.0;0.0;0.0;8026.5;0.0
0;21021.0;8027;42;8026.0;97.0;0.0;0.0;8028;139;0.0;0.0;0.0;0.0;8027.5;0.0
0;21022.0;8026;98;0.0;0.0;0.0;0.0;8028;98;0.0;0.0;0.0;0.0;8027.0;0.0
0;21023.0;8025;130;0.0;0.0;0.0;0.0;8027;130;0.0;0.0;0.0;0.0;8026.0;0.0
0;21024.0;8027;132;0.0;0.0;0.0;0.0;8029;132;0.0;0.0;0.0;0.0;8028.0;0.0
0;21025.0;8026;128;0.0;0.0;0.0;0.0;8028;128;0.0;0.0;0.0;0.0;8027.0;0.0
0;21026.0;8028;47;8027.0;72.0;0.0;0.0;8029;119;0.0;0.0;0.0;0.0;8028.5;0.0
0;21027.0;8029;59;8028.0;79.0;0.0;0.0;8030;59;8031.0;79.0;0.0;0.0;8029.5;0.0
0;21028.0;8028;118;0.0;0.0;0.0;0.0;8030;118;0.0;0.0;0.0;0.0;8029.0;0.0
0;21029.0;8028;138;0.0;0.0;0.0;0.0;8030;138;0.0;0.0;0.0;0.0;8029.0;0.0
0;21030.0;8027;65;8026.0;99.0;0.0;0.0;8028;164;0.0;0.0;0.0;0.0;8027.5;0.0
0;21031.0;8027;133;0.0;0.0;0.0;0.0;8029;133;0.0;0.0;0.0;0.0;8028.0;0.0
0;21032.0;8026;118;0.0;0.0;0.0;0.0;8028;118;0.0;0.0;0.0;0.0;8027.0;0.0
0;21033.0;8028;57;8027.0;74.0;0.0;0.0;8029;57;8030.0;74.0;0.0;0.0;8028.5;0.0
0;21034.0;8027;136;0.0;0.0;0.0;0.0;8028;55;8029.0;81.0;0.0;0.0;8027.5;0.0
0;21035.0;8028;100;0.0;0.0;0.0;0.0;8029;41;8030.0;59.0;0.0;0.0;8028.5;0.0
0;21036.0;8026;128;0.0;0.0;0.0;0.0;8028;128;0.0;0.0;0.0;0.0;8027.0;0.0
0;21037.0;8029;119;0.0;0.0;0.0;0.0;8031;119;0.0;0.0;0.0;0.0;8030.0;0.0
0;21038.0;8029;123;0.0;0.0;0.0;0.0;8031;123;0.0;0.0;0.0;0.0;8030.0;0.0
0;21039.0;8028;44;8027.0;88.0;0.0;0.0;8029;44;8030.0;88.0;0.0;0.0;8028.5;0.0
0;21040.0;8028;46;8027.0;51.0;0.0;0.0;8029;97;0.0;0.0;0.0;0.0;8028.5;0.0
0;21041.0;8028;141;0.0;0.0;0.0;0.0;8030;141;0.0;0.0;0.0;0.0;8029.0;0.0
0;21042.0;8029;125;0.0;0.0;0.0;0.0;8031;125;0.0;0.0;0.0;0.0;8030.0;0.0
0;21043.0;8029;53;8028.0;75.0;0.0;0.0;8030;53;8031.0;75.0;0.0;0.0;8029.5;0.0
0;21044.0;8031;108;0.0;0.0;0.0;0.0;8033;108;0.0;0.0;0.0;0.0;8032.0;0.0
0;21045.0;8031;43;8030.0;73.0;0.0;0.0;8032;116;0.0;0.0;0.0;0.0;8031.5;0.0
0;21046.0;8032;143;0.0;0.0;0.0;0.0;8033;48;8034.0;95.0;0.0;0.0;8032.5;0.0
0;21047.0;8031;154;0.0;0.0;0.0;0.0;8033;154;0.0;0.0;0.0;0.0;8032.0;0.0
0;21048.0;8033;52;8032.0;55.0;0.0;0.0;8034;52;8035.0;55.0;0.0;0.0;8033.5;0.0
0;21049.0;8032;151;0.0;0.0;0.0;0.0;8034;151;0.0;0.0;0.0;0.0;8033.0;0.0
0;21050.0;8033;98;0.0;0.0;0.0;0.0;8034;44;8035.0;54.0;0.0;0.0;8033.5;0.0
0;21051.0;8033;120;0.0;0.0;0.0;0.0;8035;120;0.0;0.0;0.0;0.0;8034.0;0.0
0;21052.0;8032;49;8031.0;83.0;0.0;0.0;8033;132;0.0;0.0;0.0;0.0;8032.5;0.0
0;21053.0;8030;145;0.0;0.0;0.0;0.0;8032;145;0.0;0.0;0.0;0.0;8031.0;0.0
0;21054.0;8030;37;8029.0;76.0;0.0;0.0;8031;37;8032.0;76.0;0.0;0.0;8030.5;0.0
0;21055.0;8029;38;8028.0;100.0;0.0;0.0;8030;38;8031.0;100.0;0.0;0.0;8029.5;0.0
0;21056.0;8029;54;8028.0;53.0;0.0;0.0;8030;54;8031.0;53.0;0.0;0.0;8029.5;0.0
0;21057.0;8029;105;0.0;0.0;0.0;0.0;8031;105;0.0;0.0;0.0;0.0;8030.0;0.0
0;21058.0;8029;140;0.0;0.0;0.0;0.0;8031;140;0.0;0.0;0.0;0.0;8030.0;0.0
0;21059.0;8030;106;0.0;0.0;0.0;0.0;8032;106;0.0;0.0;0.0;0.0;8031.0;0.0
0;21060.0;8028;126;0.0;0.0;0.0;0.0;8029;40;8030.0;86.0;0.0;0.0;8028.5;0.0
0;21061.0;8028;88;0.0;0.0;0.0;0.0;8029;37;8030.0;51.0;0.0;0.0;8028.5;0.0
0;21062.0;8025;107;0.0;0.0;0.0;0.0;8026;37;8027.0;70.0;0.0;0.0;8025.5;0.0
0;21063.0;8025;57;8024.0;78.0;0.0;0.0;8026;135;0.0;0.0;0.0;0.0;8025.5;0.0
0;21064.0;8024;150;0.0;0.0;0.0;0.0;8026;150;0.0;0.0;0.0;0.0;8025.0;0.0
0;21065.0;8023;62;8022.0;69.0;0.0;0.0;8024;131;0.0;0.0;0.0;0.0;8023.5;0.0
0;21066.0;8022;100;0.0;0.0;0.0;0.0;8024;100;0.0;0.0;0.0;0.0;8023.0;0.0
0;21067.0;8022;61;8021.0;67.0;0.0;0.0;8023;61;8024.0;67.0;0.0;0.0;8022.5;0.0
0;21068.0;8020;156;0.0;0.0;0.0;0.0;8022;156;0.0;0.0;0.0;0.0;8021.0;0.0
0;21069.0;8022;46;8021.0;65.0;0.0;0.0;8023;46;8024.0;65.0;0.0;0.0;8022.5;0.0
0;21070.0;8022;126;0.0;0.0;0.0;0.0;8024;126;0.0;0.0;0.0;0.0;8023.0;0.0
0;21071.0;8023;41;8022.0;87.0;0.0;0.0;8024;41;8025.0;87.0;0.0;0.0;8023.5;0.0
0;21072.0;8022;53;8021.0;66.0;0.0;0.0;8023;53;8024.0;66.0;0.0;0.0;8022.5;0.0
0;21073.0;8022;96;0.0;0.0;0.0;0.0;8024;96;0.0;0.0;0.0;0.0;8023.0;0.0
0;21074.0;8025;64;8024.0;70.0;0.0;0.0;8026;134;0.0;0.0;0.0;0.0;8025.5;0.0
0;21075.0;8026;58;8025.0;96.0;0.0;0.0;8027;58;8028.0;96.0;0.0;0.0;8026.5;0.0
0;21076.0;8023;114;0.0;0.0;0.0;0.0;8025;114;0.0;0.0;0.0;0.0;8024.0;0.0
0;21077.0;8021;122;0.0;0.0;0.0;0.0;8023;122;0.0;0.0;0.0;0.0;8022.0;0.0
0;21078.0;8023;142;0.0;0.0;0.0;0.0;8024;46;8025.0;96.0;0.0;0.0;8023.5;0.0
0;21079.0;8023;101;0.0;0.0;0.0;0.0;8025;101;0.0;0.0;0.0;0.0;8024.0;0.0
0;21080.0;8024;39;8023.0;65.0;0.0;0.0;8025;104;0.0;0.0;0.0;0.0;8024.5;0.0
0;21081.0;8024;143;0.0;0.0;0.0;0.0;8026;143;0.0;0.0;0.0;0.0;8025.0;0.0
0;21082.0;8025;52;8024.0;77.0;0.0;0.0;8026;52;8027.0;77.0;0.0;0.0;8025.5;0.0
0;21083.0;8024;118;0.0;0.0;0.0;0.0;8026;118;0.0;0.0;0.0;0.0;8025.0;0.0
0;21084.0;8026;65;8025.0;62.0;0.0;0.0;8027;65;8028.0;62.0;0.0;0.0;8026.5;0.0
0;21085.0;8026;122;0.0;0.0;0.0;0.0;8028;122;0.0;0.0;0.0;0.0;8027.0;0.0
0;21086.0;8026;107;0.0;0.0;0.0;0.0;8027;54;8028.0;53.0;0.0;0.0;8026.5;0.0
0;21087.0;8026;54;8025.0;87.0;0.0;0.0;8027;54;8028.0;87.0;0.0;0.0;8026.5;0.0
0;21088.0;8027;49;8026.0;93.0;0.0;0.0;8028;49;8029.0;93.0;0.0;0.0;8027.5;0.0
0;21089.0;8029;132;0.0;0.0;0.0;0.0;8031;132;0.0;0.0;0.0;0.0;8030.0;0.0
0;21090.0;8029;143;0.0;0.0;0.0;0.0;8031;143;0.0;0.0;0.0;0.0;8030.0;0.0
0;21091.0;8030;129;0.0;0.0;0.0;0.0;8031;41;8032.0;88.0;0.0;0.0;8030.5;0.0
0;21092.0;8029;121;0.0;0.0;0.0;0.0;8031;121;0.0;0.0;0.0;0.0;8030.0;0.0
0;21093.0;8028;156;0.0;0.0;0.0;0.0;8030;156;0.0;0.0;0.0;0.0;8029.0;0.0
0;21094.0;8028;117;0.0;0.0;0.0;0.0;8029;43;8030.0;74.0;0.0;0.0;8028.5;0.0
0;21095.0;8027;59;8026.0;79.0;0.0;0.0;8028;59;8029.0;79.0;0.0;0.0;8027.5;0.0
0;21096.0;8027;127;0.0;0.0;0.0;0.0;8029;127;0.0;0.0;0.0;0.0;8028.0;0.0
0;21097.0;8028;61;8027.0;59.0;0.0;0.0;8029;120;0.0;0.0;0.0;0.0;8028.5;0.0
0;21098.0;8029;124;0.0;0.0;0.0;0.0;8030;52;8031.0;72.0;0.0;0.0;8029.5;0.0
0;21099.0;8028;95;0.0;0.0;0.0;0.0;8030;95;0.0;0.0;0.0;0.0;8029.0;0.0
0;21100.0;8028;58;8027.0;72.0;0.0;0.0;8029;58;8030.0;72.0;0.0;0.0;8028.5;0.0
0;21101.0;8029;63;8028.0;70.0;0.0;0.0;8030;63;8031.0;70.0;0.0;0.0;8029.5;0.0
0;21102.0;8028;146;0.0;0.0;0.0;0.0;8030;146;0.0;0.0;0.0;0.0;8029.0;0.0
0;21103.0;8029;130;0.0;0.0;0.0;0.0;8030;62;8031.0;68.0;0.0;0.0;8029.5;0.0
0;21104.0;8029;126;0.0;0.0;0.0;0.0;8031;126;0.0;0.0;0.0;0.0;8030.0;0.0
0;21105.0;8029;119;0.0;0.0;0.0;0.0;8031;119;0.0;0.0;0.0;0.0;8030.0;0.0
0;21106.0;8029;126;0.0;0.0;0.0;0.0;8031;126;0.0;0.0;0.0;0.0;8030.0;0.0
0;21107.0;8028;116;0.0;0.0;0.0;0.0;8030;116;0.0;0.0;0.0;0.0;8029.0;0.0
0;21108.0;8031;37;8030.0;72.0;0.0;0.0;8032;37;8033.0;72.0;0.0;0.0;8031.5;0.0
0;21109.0;8031;56;8030.0;79.0;0.0;0.0;8032;135;0.0;0.0;0.0;0.0;8031.5;0.0
0;21110.0;8032;112;0.0;0.0;0.0;0.0;8034;112;0.0;0.0;0.0;0.0;8033.0;0.0
0;21111.0;8031;109;0.0;0.0;0.0;0.0;8033;109;0.0;0.0;0.0;0.0;8032.0;0.0
0;21112.0;8031;45;8030.0;77.0;0.0;0.0;8032;45;8033.0;77.0;0.0;0.0;8031.5;0.0
0;21113.0;8030;135;0.0;0.0;0.0;0.0;8031;61;8032.0;74.0;0.0;0.0;8030.5;0.0
0;21114.0;8029;45;8028.0;60.0;0.0;0.0;8030;105;0.0;0.0;0.0;0.0;8029.5;0.0
0;21115.0;8029;109;0.0;0.0;0.0;0.0;8030;44;8031.0;65.0;0.0;0.0;8029.5;0.0
0;21116.0;8030;59;8029.0;68.0;0.0;0.0;8031;59;8032.0;68.0;0.0;0.0;8030.5;0.0
0;21117.0;8028;147;0.0;0.0;0.0;0.0;8029;65;8030.0;82.0;0.0;0.0;8028.5;0.0
0;21118.0;8029;5;8028.0;127.0;0.0;0.0;8030;127;0.0;0.0;0.0;0.0;8029.5;0.0
0;21119.0;8028;54;8027.0;56.0;0.0;0.0;8029;54;8030.0;56.0;0.0;0.0;8028.5;0.0
0;21120.0;8027;100;0.0;0.0;0.0;0.0;8028;39;8029.0;61.0;0.0;0.0;8027.5;0.0
0;21121.0;8028;144;0.0;0.0;0.0;0.0;8030;144;0.0;0.0;0.0;0.0;8029.0;0.0
0;21122.0;8028;109;0.0;0.0;0.0;0.0;8030;109;0.0;0.0;0.0;0.0;8029.0;0.0
0;21123.0;8027;37;8026.0;61.0;0.0;0.0;8028;37;8029.0;61.0;0.0;0.0;8027.5;0.0
0;21124.0;8026;160;0.0;0.0;0.0;0.0;8028;160;0.0;0.0;0.0;0.0;8027.0;0.0
0;21125.0;8025;96;0.0;0.0;0.0;0.0;8027;96;0.0;0.0;0.0;0.0;8026.0;0.0
0;21126.0;8024;132;0.0;0.0;0.0;0.0;8025;35;8026.0;97.0;0.0;0.0;8024.5;0.0
0;21127.0;8022;140;0.0;0.0;0.0;0.0;8024;140;0.0;0.0;0.0;0.0;8023.0;0.0
0;21128.0;8020;119;0.0;0.0;0.0;0.0;8022;119;0.0;0.0;0.0;0.0;8021.0;0.0
0;21129.0;8022;116;0.0;0.0;0.0;0.0;8024;116;0.0;0.0;0.0;0.0;8023.0;0.0
0;21130.0;8022;119;0.0;0.0;0.0;0.0;8024;119;0.0;0.0;0.0;0.0;8023.0;0.0
0;21131.0;8023;138;0.0;0.0;0.0;0.0;8025;138;0.0;0.0;0.0;0.0;8024.0;0.0
0;21132.0;8023;43;8022.0;80.0;0.0;0.0;8024;43;8025.0;80.0;0.0;0.0;8023.5;0.0
0;21133.0;8023;124;0.0;0.0;0.0;0.0;8024;38;8025.0;86.0;0.0;0.0;8023.5;0.0
0;21134.0;8022;119;0.0;0.0;0.0;0.0;8024;119;0.0;0.0;0.0;0.0;8023.0;0.0
0;21135.0;8022;44;8021.0;72.0;0.0;0.0;8023;116;0.0;0.0;0.0;0.0;8022.5;0.0
0;21136.0;8020;121;0.0;0.0;0.0;0.0;8022;121;0.0;0.0;0.0;0.0;8021.0;0.0
0;21137.0;8022;54;8021.0;58.0;0.0;0.0;8023;112;0.0;0.0;0.0;0.0;8022.5;0.0
0;21138.0;8022;57;8021.0;85.0;0.0;0.0;8023;142;0.0;0.0;0.0;0.0;8022.5;0.0
0;21139.0;8020;123;0.0;0.0;0.0;0.0;8022;123;0.0;0.0;0.0;0.0;8021.0;0.0
0;21140.0;8023;38;8022.0;56.0;0.0;0.0;8024;38;8025.0;56.0;0.0;0.0;8023.5;0.0
0;21141.0;8023;97;0.0;0.0;0.0;0.0;8025;97;0.0;0.0;0.0;0.0;8024.0;0.0
0;21142.0;8024;62;8023.0;78.0;0.0;0.0;8025;62;8026.0;78.0;0.0;0.0;8024.5;0.0
0;21143.0;8024;57;8023.0;67.0;0.0;0.0;8025;124;0.0;0.0;0.0;0.0;8024.5;0.0
0;21144.0;8025;131;0.0;0.0;0.0;0.0;8026;50;8027.0;81.0;0.0;0.0;8025.5;0.0
0;21145.0;8025;138;0.0;0.0;0.0;0.0;8026;63;8027.0;75.0;0.0;0.0;8025.5;0.0
0;21146.0;8026;130;0.0;0.0;0.0;0.0;8028;130;0.0;0.0;0.0;0.0;8027.0;0.0
0;21147.0;8024;127;0.0;0.0;0.0;0.0;8026;127;0.0;0.0;0.0;0.0;8025.0;0.0
0;21148.0;8025;130;0.0;0.0;0.0;0.0;8026;47;8027.0;83.0;0.0;0.0;8025.5;0.0
0;21149.0;8025;51;8024.0;65.0;0.0;0.0;8026;51;8027.0;65.0;0.0;0.0;8025.5;0.0
0;21150.0;8027;36;8026.0;94.0;0.0;0.0;8028;130;0.0;0.0;0.0;0.0;8027.5;0.0
0;21151.0;8028;52;8027.0;93.0;0.0;0.0;8029;52;8030.0;93.0;0.0;0.0;8028.5;0.0
0;21152.0;8031;58;8030.0;73.0;0.0;0.0;8032;131;0.0;0.0;0.0;0.0;8031.5;0.0
0;21153.0;8030;41;8029.0;58.0;0.0;0.0;8031;41;8032.0;58.0;0.0;0.0;8030.5;0.0
0;21154.0;8031;52;8030.0;84.0;0.0;0.0;8032;52;8033.0;84.0;0.0;0.0;8031.5;0.0
0;21155.0;8030;139;0.0;0.0;0.0;0.0;8032;139;0.0;0.0;0.0;0.0;8031.0;0.0
0;21156.0;8031;104;0.0;0.0;0.0;0.0;8033;104;0.0;0.0;0.0;0.0;8032.0;0.0
0;21157.0;8031;121;0.0;0.0;0.0;0.0;8033;121;0.0;0.0;0.0;0.0;8032.0;0.0
0;21158.0;8032;105;0.0;0.0;0.0;0.0;8034;105;0.0;0.0;0.0;0.0;8033.0;0.0
0;21159.0;8033;64;8032.0;78.0;0.0;0.0;8034;142;0.0;0.0;0.0;0.0;8033.5;0.0
0;21160.0;8033;131;0.0;0.0;0.0;0.0;8034;51;8035.0;80.0;0.0;0.0;8033.5;0.0
0;21161.0;8031;107;0.0;0.0;0.0;0.0;8033;107;0.0;0.0;0.0;0.0;8032.0;0.0
0;21162.0;8032;60;8031.0;61.0;0.0;0.0;8033;60;8034.0;61.0;0.0;0.0;8032.5;0.0
0;21163.0;8030;107;0.0;0.0;0.0;0.0;8032;107;0.0;0.0;0.0;0.0;8031.0;0.0
0;21164.0;8030;50;8029.0;85.0;0.0;0.0;8031;50;8032.0;85.0;0.0;0.0;8030.5;0.0
0;21165.0;8028;53;8027.0;53.0;0.0;0.0;8029;106;0.0;0.0;0.0;0.0;8028.5;0.0
0;21166.0;8028;64;8027.0;98.0;0.0;0.0;8029;64;8030.0;98.0;0.0;0.0;8028.5;0.0
0;21167.0;8027;113;0.0;0.0;0.0;0.0;8028;46;8029.0;67.0;0.0;0.0;8027.5;0.0
0;21168.0;8026;58;8025.0;96.0;0.0;0.0;8027;154;0.0;0.0;0.0;0.0;8026.5;0.0
0;21169.0;8026;60;8025.0;83.0;0.0;0.0;8027;60;8028.0;83.0;0.0;0.0;8026.5;0.0
0;21170.0;8026;44;8025.0;65.0;0.0;0.0;8027;109;0.0;0.0;0.0;0.0;8026.5;0.0
0;21171.0;8025;61;8024.0;61.0;0.0;0.0;8026;61;8027.0;61.0;0.0;0.0;8025.5;0.0
0;21172.0;8026;44;8025.0;80.0;0.0;0.0;8027;124;0.0;0.0;0.0;0.0;8026.5;0.0
0;21173.0;8026;48;8025.0;92.0;0.0;0.0;8027;48;8028.0;92.0;0.0;0.0;8026.5;0.0
0;21174.0;8024;119;0.0;0.0;0.0;0.0;8026;119;0.0;0.0;0.0;0.0;8025.0;0.0
0;21175.0;8026;48;8025.0;97.0;0.0;0.0;8027;48;8028.0;97.0;0.0;0.0;8026.5;0.0
0;21176.0;8026;51;8025.0;99.0;0.0;0.0;8027;150;0.0;0.0;0.0;0.0;8026.5;0.0
0;21177.0;8027;61;8026.0;67.0;0.0;0.0;8028;132;0.0;0.0;0.0;0.0;8027.5;0.0
0;21178.0;8027;123;0.0;0.0;0.0;0.0;8029;123;0.0;0.0;0.0;0.0;8028.0;0.0
0;21179.0;8027;152;0.0;0.0;0.0;0.0;8029;152;0.0;0.0;0.0;0.0;8028.0;0.0
0;21180.0;8027;145;0.0;0.0;0.0;0.0;8028;59;8029.0;86.0;0.0;0.0;8027.5;0.0
0;21181.0;8027;102;0.0;0.0;0.0;0.0;8029;102;0.0;0.0;0.0;0.0;8028.0;0.0
0;21182.0;8027;114;0.0;0.0;0.0;0.0;8029;114;0.0;0.0;0.0;0.0;8028.0;0.0
0;21183.0;8027;117;0.0;0.0;0.0;0.0;8028;59;8029.0;58.0;0.0;0.0;8027.5;0.0
0;21184.0;8027;136;0.0;0.0;0.0;0.0;8029;136;0.0;0.0;0.0;0.0;8028.0;0.0
0;21185.0;8027;135;0.0;0.0;0.0;0.0;8028;38;8029.0;97.0;0.0;0.0;8027.5;0.0
0;21186.0;8026;45;8025.0;70.0;0.0;0.0;8027;45;8028.0;70.0;0.0;0.0;8026.5;0.0
0;21187.0;8026;53;8025.0;86.0;0.0;0.0;8027;53;8028.0;86.0;0.0;0.0;8026.5;0.0
0;21188.0;8026;45;8025.0;60.0;0.0;0.0;8027;45;8028.0;60.0;0.0;0.0;8026.5;0.0
0;21189.0;8026;108;0.0;0.0;0.0;0.0;8027;51;8028.0;63.0;0.0;0.0;8026.5;0.0
0;21190.0;8027;50;8026.0;68.0;0.0;0.0;8028;50;8029.0;68.0;0.0;0.0;8027.5;0.0
0;21191.0;8028;39;8027.0;56.0;0.0;0.0;8029;95;0.0;0.0;0.0;0.0;8028.5;0.0
0;21192.0;8027;45;8026.0;74.0;0.0;0.0;8028;45;8029.0;74.0;0.0;0.0;8027.5;0.0
0;21193.0;8027;63;8026.0;96.0;0.0;0.0;8028;159;0.0;0.0;0.0;0.0;8027.5;0.0
0;21194.0;8027;129;0.0;0.0;0.0;0.0;8029;129;0.0;0.0;0.0;0.0;8028.0;0.0
0;21195.0;8028;56;8027.0;91.0;0.0;0.0;8029;56;8030.0;91.0;0.0;0.0;8028.5;0.0
0;21196.0;8027;136;0.0;0.0;0.0;0.0;8029;136;0.0;0.0;0.0;0.0;8028.0;0.0
0;21197.0;8028;60;8027.0;63.0;0.0;0.0;8029;60;8030.0;63.0;0.0;0.0;8028.5;0.0
0;21198.0;8029;137;0.0;0.0;0.0;0.0;8031;137;0.0;0.0;0.0;0.0;8030.0;0.0
0;21199.0;8029;126;0.0;0.0;0.0;0.0;8031;126;0.0;0.0;0.0;0.0;8030.0;0.0
0;21200.0;8030;58;8029.0;96.0;0.0;0.0;8031;154;0.0;0.0;0.0;0.0;8030.5;0.0
0;21201.0;8029;53;8028.0;68.0;0.0;0.0;8030;60;8031.0;68.0;0.0;0.0;8029.5;0.0
0;21202.0;8029;111;0.0;0.0;0.0;0.0;8031;111;0.0;0.0;0.0;0.0;8030.0;0.0
0;21203.0;8030;51;8029.0;50.0;0.0;0.0;8031;101;0.0;0.0;0.0;0.0;8030.5;0.0
0;21204.0;8029;110;0.0;0.0;0.0;0.0;8031;110;0.0;0.0;0.0;0.0;8030.0;0.0
0;21205.0;8029;102;0.0;0.0;0.0;0.0;8031;102;0.0;0.0;0.0;0.0;8030.0;0.0
0;21206.0;8031;51;8030.0;52.0;0.0;0.0;8032;103;0.0;0.0;0.0;0.0;8031.5;0.0
0;21207.0;8031;144;0.0;0.0;0.0;0.0;8032;47;8033.0;97.0;0.0;0.0;8031.5;0.0
0;21208.0;8030;104;0.0;0.0;0.0;0.0;8032;104;0.0;0.0;0.0;0.0;8031.0;0.0
0;21209.0;8029;47;8028.0;63.0;0.0;0.0;8030;110;0.0;0.0;0.0;0.0;8029.5;0.0
0;21210.0;8027;135;0.0;0.0;0.0;0.0;8029;135;0.0;0.0;0.0;0.0;8028.0;0.0
0;21211.0;8029;127;0.0;0.0;0.0;0.0;8031;127;0.0;0.0;0.0;0.0;8030.0;0.0
0;21212.0;8030;46;8029.0;97.0;0.0;0.0;8031;143;0.0;0.0;0.0;0.0;8030.5;0.0
0;21213.0;8028;119;0.0;0.0;0.0;0.0;8030;119;0.0;0.0;0.0;0.0;8029.0;0.0
0;21214.0;8028;49;8027.0;90.0;0.0;0.0;8029;49;8030.0;90.0;0.0;0.0;8028.5;0.0
0;21215.0;8028;136;0.0;0.0;0.0;0.0;8029;49;8030.0;87.0;0.0;0.0;8028.5;0.0
0;21216.0;8028;121;0.0;0.0;0.0;0.0;8029;39;8030.0;82.0;0.0;0.0;8028.5;0.0
0;21217.0;8027;118;0.0;0.0;0.0;0.0;8028;58;8029.0;70.0;0.0;0.0;8027.5;0.0
0;21218.0;8028;100;0.0;0.0;0.0;0.0;8030;100;0.0;0.0;0.0;0.0;8029.0;0.0
0;21219.0;8027;155;0.0;0.0;0.0;0.0;8028;58;8029.0;97.0;0.0;0.0;8027.5;0.0
0;21220.0;8027;126;0.0;0.0;0.0;0.0;8029;126;0.0;0.0;0.0;0.0;8028.0;0.0
0;21221.0;8029;64;8028.0;100.0;0.0;0.0;8030;164;0.0;0.0;0.0;0.0;8029.5;0.0
0;21222.0;8030;118;0.0;0.0;0.0;0.0;8032;118;0.0;0.0;0.0;0.0;8031.0;0.0
0;21223.0;8029;47;8028.0;52.0;0.0;0.0;8030;47;8031.0;52.0;0.0;0.0;8029.5;0.0
0;21224.0;8029;38;8028.0;54.0;0.0;0.0;8030;38;8031.0;54.0;0.0;0.0;8029.5;0.0
0;21225.0;8027;117;0.0;0.0;0.0;0.0;8029;117;0.0;0.0;0.0;0.0;8028.0;0.0
0;21226.0;8027;59;8026.0;87.0;0.0;0.0;8028;146;0.0;0.0;0.0;0.0;8027.5;0.0
0;21227.0;8026;135;0.0;0.0;0.0;0.0;8028;135;0.0;0.0;0.0;0.0;8027.0;0.0
0;21228.0;8027;122;0.0;0.0;0.0;0.0;8029;122;0.0;0.0;0.0;0.0;8028.0;0.0
0;21229.0;8027;95;0.0;0.0;0.0;0.0;8029;95;0.0;0.0;0.0;0.0;8028.0;0.0
0;21230.0;8028;136;0.0;0.0;0.0;0.0;8029;61;8030.0;75.0;0.0;0.0;8028.5;0.0
0;21231.0;8027;61;8026.0;59.0;0.0;0.0;8028;61;8029.0;59.0;0.0;0.0;8027.5;0.0
0;21232.0;8028;113;0.0;0.0;0.0;0.0;8029;52;8030.0;61.0;0.0;0.0;8028.5;0.0
0;21233.0;8029;49;8028.0;98.0;0.0;0.0;8030;147;0.0;0.0;0.0;0.0;8029.5;0.0
0;21234.0;8031;49;8030.0;53.0;0.0;0.0;8032;102;0.0;0.0;0.0;0.0;8031.5;0.0
0;21235.0;8030;117;0.0;0.0;0.0;0.0;8031;38;8032.0;79.0;0.0;0.0;8030.5;0.0
0;21236.0;8028;158;0.0;0.0;0.0;0.0;8030;158;0.0;0.0;0.0;0.0;8029.0;0.0
0;21237.0;8028;90;0.0;0.0;0.0;0.0;8030;90;0.0;0.0;0.0;0.0;8029.0;0.0
0;21238.0;8029;137;0.0;0.0;0.0;0.0;8030;62;8031.0;75.0;0.0;0.0;8029.5;0.0
0;21239.0;8029;41;8028.0;62.0;0.0;0.0;8030;41;8031.0;62.0;0.0;0.0;8029.5;0.0
0;21240.0;8028;116;0.0;0.0;0.0;0.0;8029;42;8030.0;74.0;0.0;0.0;8028.5;0.0
0;21241.0;8027;95;0.0;0.0;0.0;0.0;8029;95;0.0;0.0;0.0;0.0;8028.0;0.0
0;21242.0;8027;128;0.0;0.0;0.0;0.0;8029;128;0.0;0.0;0.0;0.0;8028.0;0.0
0;21243.0;8027;50;8026.0;94.0;0.0;0.0;8028;50;8029.0;94.0;0.0;0.0;8027.5;0.0
0;21244.0;8027;47;8026.0;72.0;0.0;0.0;8028;119;0.0;0.0;0.0;0.0;8027.5;0.0
0;21245.0;8025;47;8024.0;87.0;0.0;0.0;8026;134;0.0;0.0;0.0;0.0;8025.5;0.0
0;21246.0;8024;111;0.0;0.0;0.0;0.0;8026;111;0.0;0.0;0.0;0.0;8025.0;0.0
0;21247.0;8025;134;0.0;0.0;0.0;0.0;8026;37;8027.0;97.0;0.0;0.0;8025.5;0.0
0;21248.0;8024;149;0.0;0.0;0.0;0.0;8026;149;0.0;0.0;0.0;0.0;8025.0;0.0
0;21249.0;8025;52;8024.0;63.0;0.0;0.0;8026;115;0.0;0.0;0.0;0.0;8025.5;0.0
0;21250.0;8025;108;0.0;0.0;0.0;0.0;8027;108;0.0;0.0;0.0;0.0;8026.0;0.0
0;21251.0;8026;157;0.0;0.0;0.0;0.0;8028;157;0.0;0.0;0.0;0.0;8027.0;0.0
0;21252.0;8028;56;8027.0;67.0;0.0;0.0;8029;123;0.0;0.0;0.0;0.0;8028.5;0.0
0;21253.0;8028;61;8027.0;96.0;0.0;0.0;8029;61;8030.0;96.0;0.0;0.0;8028.5;0.0
0;21254.0;8029;47;8028.0;66.0;0.0;0.0;8030;113;0.0;0.0;0.0;0.0;8029.5;0.0
0;21255.0;8028;59;8027.0;68.0;0.0;0.0;8029;127;0.0;0.0;0.0;0.0;8028.5;0.0
0;21256.0;8030;38;8029.0;99.0;0.0;0.0;8031;137;0.0;0.0;0.0;0.0;8030.5;0.0
0;21257.0;8031;35;8030.0;68.0;0.0;0.0;8032;35;8033.0;68.0;0.0;0.0;8031.5;0.0
0;21258.0;8032;64;8031.0;50.0;0.0;0.0;8033;114;0.0;0.0;0.0;0.0;8032.5;0.0
0;21259.0;8032;147;0.0;0.0;0.0;0.0;8034;147;0.0;0.0;0.0;0.0;8033.0;0.0
0;21260.0;8033;103;0.0;0.0;0.0;0.0;8035;103;0.0;0.0;0.0;0.0;8034.0;0.0
0;21261.0;8034;125;0.0;0.0;0.0;0.0;8036;125;0.0;0.0;0.0;0.0;8035.0;0.0
0;21262.0;8033;44;8032.0;65.0;0.0;0.0;8034;44;8035.0;65.0;0.0;0.0;8033.5;0.0
0;21263.0;8033;59;8032.0;70.0;0.0;0.0;8034;129;0.0;0.0;0.0;0.0;8033.5;0.0
0;21264.0;8033;133;0.0;0.0;0.0;0.0;8034;54;8035.0;79.0;0.0;0.0;8033.5;0.0
0;21265.0;8034;117;0.0;0.0;0.0;0.0;8036;117;0.0;0.0;0.0;0.0;8035.0;0.0
0;21266.0;8034;144;0.0;0.0;0.0;0.0;8036;144;0.0;0.0;0.0;0.0;8035.0;0.0
0;21267.0;8033;103;0.0;0.0;0.0;0.0;8034;51;8035.0;52.0;0.0;0.0;8033.5;0.0
0;21268.0;8034;44;8033.0;84.0;0.0;0.0;8035;44;8036.0;84.0;0.0;0.0;8034.5;0.0
0;21269.0;8034;46;8033.0;87.0;0.0;0.0;8035;133;0.0;0.0;0.0;0.0;8034.5;0.0
0;21270.0;8033;65;8032.0;99.0;0.0;0.0;8034;65;8035.0;99.0;0.0;0.0;8033.5;0.0
0;21271.0;8033;51;8032.0;54.0;0.0;0.0;8034;51;8035.0;54.0;0.0;0.0;8033.5;0.0
0;21272.0;8034;140;0.0;0.0;0.0;0.0;8036;140;0.0;0.0;0.0;0.0;8035.0;0.0
0;21273.0;8034;44;8033.0;81.0;0.0;0.0;8035;44;8036.0;81.0;0.0;0.0;8034.5;0.0
0;21274.0;8035;126;0.0;0.0;0.0;0.0;8037;126;0.0;0.0;0.0;0.0;8036.0;0.0
0;21275.0;8034;152;0.0;0.0;0.0;0.0;8035;64;8036.0;88.0;0.0;0.0;8034.5;0.0
0;21276.0;8036;151;0.0;0.0;0.0;0.0;8037;58;8038.0;93.0;0.0;0.0;8036.5;0.0
0;21277.0;8035;119;0.0;0.0;0.0;0.0;8037;119;0.0;0.0;0.0;0.0;8036.0;0.0
0;21278.0;8036;64;8035.0;59.0;0.0;0.0;8037;123;0.0;0.0;0.0;0.0;8036.5;0.0
0;21279.0;8037;146;0.0;0.0;0.0;0.0;8038;51;8039.0;95.0;0.0;0.0;8037.5;0.0
0;21280.0;8036;121;0.0;0.0;0.0;0.0;8037;54;8038.0;67.0;0.0;0.0;8036.5;0.0
0;21281.0;8037;36;8036.0;83.0;0.0;0.0;8038;36;8039.0;83.0;0.0;0.0;8037.5;0.0
0;21282.0;8038;107;0.0;0.0;0.0;0.0;8040;107;0.0;0.0;0.0;0.0;8039.0;0.0
0;21283.0;8038;115;0.0;0.0;0.0;0.0;8040;115;0.0;0.0;0.0;0.0;8039.0;0.0
0;21284.0;8038;120;0.0;0.0;0.0;0.0;8039;54;8040.0;66.0;0.0;0.0;8038.5;0.0
0;21285.0;8038;122;0.0;0.0;0.0;0.0;8039;40;8040.0;82.0;0.0;0.0;8038.5;0.0
0;21286.0;8038;43;8037.0;93.0;0.0;0.0;8039;136;0.0;0.0;0.0;0.0;8038.5;0.0
0;21287.0;8039;100;0.0;0.0;0.0;0.0;8040;42;8041.0;58.0;0.0;0.0;8039.5;0.0
0;21288.0;8039;52;8038.0;93.0;0.0;0.0;8040;145;0.0;0.0;0.0;0.0;8039.5;0.0
0;21289.0;8041;56;8040.0;81.0;0.0;0.0;8042;137;0.0;0.0;0.0;0.0;8041.5;0.0
0;21290.0;8041;93;0.0;0.0;0.0;0.0;8043;93;0.0;0.0;0.0;0.0;8042.0;0.0
0;21291.0;8042;107;0.0;0.0;0.0;0.0;8044;107;0.0;0.0;0.0;0.0;8043.0;0.0
0;21292.0;8042;49;8041.0;55.0;0.0;0.0;8043;104;0.0;0.0;0.0;0.0;8042.5;0.0
0;21293.0;8042;121;0.0;0.0;0.0;0.0;8044;121;0.0;0.0;0.0;0.0;8043.0;0.0
0;21294.0;8043;107;0.0;0.0;0.0;0.0;8045;107;0.0;0.0;0.0;0.0;8044.0;0.0
0;21295.0;8043;50;8042.0;78.0;0.0;0.0;8044;128;0.0;0.0;0.0;0.0;8043.5;0.0
0;21296.0;8043;55;8042.0;83.0;0.0;0.0;8044;138;0.0;0.0;0.0;0.0;8043.5;0.0
0;21297.0;8042;145;0.0;0.0;0.0;0.0;8044;145;0.0;0.0;0.0;0.0;8043.0;0.0
0;21298.0;8041;128;0.0;0.0;0.0;0.0;8042;49;8043.0;79.0;0.0;0.0;8041.5;0.0
0;21299.0;8040;115;0.0;0.0;0.0;0.0;8042;115;0.0;0.0;0.0;0.0;8041.0;0.0
0;21300.0;8040;46;8039.0;58.0;0.0;0.0;8041;104;0.0;0.0;0.0;0.0;8040.5;0.0
0;21301.0;8041;65;8040.0;66.0;0.0;0.0;8042;65;8043.0;66.0;0.0;0.0;8041.5;0.0
0;21302.0;8040;123;0.0;0.0;0.0;0.0;8041;49;8042.0;74.0;0.0;0.0;8040.5;0.0
0;21303.0;8040;138;0.0;0.0;0.0;0.0;8042;138;0.0;0.0;0.0;0.0;8041.0;0.0
0;21304.0;8043;65;8042.0;90.0;0.0;0.0;8044;155;0.0;0.0;0.0;0.0;8043.5;0.0
0;21305.0;8043;54;8042.0;99.0;0.0;0.0;8044;54;8045.0;99.0;0.0;0.0;8043.5;0.0
0;21306.0;8043;104;0.0;0.0;0.0;0.0;8044;47;8045.0;57.0;0.0;0.0;8043.5;0.0
0;21307.0;8045;129;0.0;0.0;0.0;0.0;8046;59;8047.0;70.0;0.0;0.0;8045.5;0.0
0;21308.0;8045;117;0.0;0.0;0.0;0.0;8047;117;0.0;0.0;0.0;0.0;8046.0;0.0
0;21309.0;8044;106;0.0;0.0;0.0;0.0;8045;51;8046.0;50.0;0.0;0.0;8044.5;0.0
0;21310.0;8044;138;0.0;0.0;0.0;0.0;8045;43;8046.0;95.0;0.0;0.0;8044.5;0.0
0;21311.0;8044;117;0.0;0.0;0.0;0.0;8046;117;0.0;0.0;0.0;0.0;8045.0;0.0
0;21312.0;8046;58;8045.0;57.0;0.0;0.0;8047;58;8048.0;57.0;0.0;0.0;8046.5;0.0
0;21313.0;8047;136;0.0;0.0;0.0;0.0;8049;136;0.0;0.0;0.0;0.0;8048.0;0.0
0;21314.0;8047;121;0.0;0.0;0.0;0.0;8049;121;0.0;0.0;0.0;0.0;8048.0;0.0
0;21315.0;8047;134;0.0;0.0;0.0;0.0;8049;134;0.0;0.0;0.0;0.0;8048.0;0.0
0;21316.0;8049;159;0.0;0.0;0.0;0.0;8051;159;0.0;0.0;0.0;0.0;8050.0;0.0
0;21317.0;8049;55;8048.0;63.0;0.0;0.0;8050;55;8051.0;63.0;0.0;0.0;8049.5;0.0
0;21318.0;8050;59;8049.0;82.0;0.0;0.0;8051;141;0.0;0.0;0.0;0.0;8050.5;0.0
0;21319.0;8048;37;8047.0;60.0;0.0;0.0;8049;97;0.0;0.0;0.0;0.0;8048.5;0.0
0;21320.0;8048;151;0.0;0.0;0.0;0.0;8050;151;0.0;0.0;0.0;0.0;8049.0;0.0
0;21321.0;8048;100;0.0;0.0;0.0;0.0;8050;100;0.0;0.0;0.0;0.0;8049.0;0.0
0;21322.0;8048;129;0.0;0.0;0.0;0.0;8050;129;0.0;0.0;0.0;0.0;8049.0;0.0
0;21323.0;8049;52;8048.0;71.0;0.0;0.0;8050;52;8051.0;71.0;0.0;0.0;8049.5;0.0
0;21324.0;8048;36;8047.0;55.0;0.0;0.0;8049;36;8050.0;55.0;0.0;0.0;8048.5;0.0
0;21325.0;8048;92;0.0;0.0;0.0;0.0;8050;92;0.0;0.0;0.0;0.0;8049.0;0.0
0;21326.0;8049;36;8048.0;87.0;0.0;0.0;8050;36;8051.0;87.0;0.0;0.0;8049.5;0.0
0;21327.0;8048;48;8047.0;97.0;0.0;0.0;8049;145;0.0;0.0;0.0;0.0;8048.5;0.0
0;21328.0;8048;105;0.0;0.0;0.0;0.0;8050;105;0.0;0.0;0.0;0.0;8049.0;0.0
0;21329.0;8048;125;0.0;0.0;0.0;0.0;8050;125;0.0;0.0;0.0;0.0;8049.0;0.0
0;21330.0;8049;112;0.0;0.0;0.0;0.0;8051;112;0.0;0.0;0.0;0.0;8050.0;0.0
0;21331.0;8048;42;8047.0;80.0;0.0;0.0;8049;42;8050.0;80.0;0.0;0.0;8048.5;0.0
0;21332.0;8048;114;0.0;0.0;0.0;0.0;8049;52;8050.0;62.0;0.0;0.0;8048.5;0.0
0;21333.0;8047;117;0.0;0.0;0.0;0.0;8049;117;0.0;0.0;0.0;0.0;8048.0;0.0
0;21334.0;8048;43;8047.0;86.0;0.0;0.0;8049;43;8050.0;86.0;0.0;0.0;8048.5;0.0
0;21335.0;8046;140;0.0;0.0;0.0;0.0;8048;140;0.0;0.0;0.0;0.0;8047.0;0.0
0;21336.0;8047;43;8046.0;59.0;0.0;0.0;8048;43;8049.0;59.0;0.0;0.0;8047.5;0.0
0;21337.0;8048;120;0.0;0.0;0.0;0.0;8050;120;0.0;0.0;0.0;0.0;8049.0;0.0
0;21338.0;8049;122;0.0;0.0;0.0;0.0;8051;122;0.0;0.0;0.0;0.0;8050.0;0.0
0;21339.0;8050;54;8049.0;91.0;0.0;0.0;8051;145;0.0;0.0;0.0;0.0;8050.5;0.0
0;21340.0;8048;113;0.0;0.0;0.0;0.0;8049;51;8050.0;62.0;0.0;0.0;8048.5;0.0
0;21341.0;8047;132;0.0;0.0;0.0;0.0;8049;132;0.0;0.0;0.0;0.0;8048.0;0.0
0;21342.0;8047;137;0.0;0.0;0.0;0.0;8048;58;8049.0;79.0;0.0;0.0;8047.5;0.0
0;21343.0;8047;143;0.0;0.0;0.0;0.0;8048;55;8049.0;88.0;0.0;0.0;8047.5;0.0
0;21344.0;8046;38;8045.0;86.0;0.0;0.0;8047;38;8048.0;86.0;0.0;0.0;8046.5;0.0
0;21345.0;8045;62;8044.0;52.0;0.0;0.0;8046;114;0.0;0.0;0.0;0.0;8045.5;0.0
0;21346.0;8044;57;8043.0;91.0;0.0;0.0;8045;57;8046.0;91.0;0.0;0.0;8044.5;0.0
0;21347.0;8043;143;0.0;0.0;0.0;0.0;8045;143;0.0;0.0;0.0;0.0;8044.0;0.0
0;21348.0;8043;132;0.0;0.0;0.0;0.0;8045;132;0.0;0.0;0.0;0.0;8044.0;0.0
0;21349.0;8041;151;0.0;0.0;0.0;0.0;8043;151;0.0;0.0;0.0;0.0;8042.0;0.0
0;21350.0;8042;140;0.0;0.0;0.0;0.0;8043;62;8044.0;78.0;0.0;0.0;8042.5;0.0
0;21351.0;8043;45;8042.0;87.0;0.0;0.0;8044;132;0.0;0.0;0.0;0.0;8043.5;0.0
0;21352.0;8043;137;0.0;0.0;0.0;0.0;8044;45;8045.0;92.0;0.0;0.0;8043.5;0.0
0;21353.0;8044;41;8043.0;64.0;0.0;0.0;8045;105;0.0;0.0;0.0;0.0;8044.5;0.0
0;21354.0;8043;59;8042.0;58.0;0.0;0.0;8044;59;8045.0;58.0;0.0;0.0;8043.5;0.0
0;21355.0;8043;43;8042.0;63.0;0.0;0.0;8044;43;8045.0;63.0;0.0;0.0;8043.5;0.0
0;21356.0;8041;126;0.0;0.0;0.0;0.0;8043;126;0.0;0.0;0.0;0.0;8042.0;0.0
0;21357.0;8039;144;0.0;0.0;0.0;0.0;8041;144;0.0;0.0;0.0;0.0;8040.0;0.0
0;21358.0;8039;46;8038.0;76.0;0.0;0.0;8040;122;0.0;0.0;0.0;0.0;8039.5;0.0
0;21359.0;8038;129;0.0;0.0;0.0;0.0;8039;48;8040.0;81.0;0.0;0.0;8038.5;0.0
0;21360.0;8038;115;0.0;0.0;0.0;0.0;8040;115;0.0;0.0;0.0;0.0;8039.0;0.0
