day;timestamp;buyer;seller;currency;price;quantity
1;30053.0;Vinnie;Vinnie;SEASHELLS;9997.0;8
1;30094.0;Raj;Vinnie;SEASHELLS;10005.0;6
1;30110.0;Vinnie;Vinnie;SEASHELLS;10007.0;10
1;30126.0;Vinnie;Raj;SEASHELLS;10003.0;10
1;30150.0;Vinnie;Vinnie;SEASHELLS;10004.0;10
1;30161.0;Vinnie;Vinnie;SEASHELLS;10001.0;8
1;30163.0;Vinnie;Vinnie;SEASHELLS;10000.0;10
1;30172.0;Vinnie;Vinnie;SEASHELLS;10000.0;10
1;30202.0;Vinnie;Vinnie;SEASHELLS;9990.0;5
1;30202.0;Vinnie;Raj;SEASHELLS;9990.0;10
1;30209.0;Vinnie;Raj;SEASHELLS;9993.0;10
1;30237.0;Vinnie;Vinnie;SEASHELLS;9988.0;7
1;30239.0;Vinnie;Vinnie;SEASHELLS;9988.0;5
1;30250.0;Vinnie;Vinnie;SEASHELLS;9990.0;6
1;30255.0;Vinnie;Vinnie;SEASHELLS;9991.0;10
1;30258.0;Vinnie;Vinnie;SEASHELLS;9993.0;9
1;30266.0;Rhianna;Vinnie;SEASHELLS;9996.0;3
1;30303.0;Vinnie;Vinnie;SEASHELLS;9994.0;7
1;30306.0;Vinnie;Vinnie;SEASHELLS;9993.0;9
1;30314.0;Vinnie;Vinnie;SEASHELLS;9993.0;7
1;30325.0;Vinnie;Vinnie;SEASHELLS;9993.0;5
1;30331.0;Vinnie;Rhianna;SEASHELLS;9994.0;1
1;30333.0;Vinnie;Vinnie;SEASHELLS;9994.0;10
1;30413.0;Vinnie;Vinnie;SEASHELLS;9981.0;9
1;30417.0;Vinnie;Vinnie;SEASHELLS;9978.0;10
1;30425.0;Vinnie;Vinnie;SEASHELLS;9979.0;8
1;30428.0;Vinnie;Vinnie;SEASHELLS;9978.0;5
1;30430.0;Vinnie;Vinnie;SEASHELLS;9975.0;5
1;30432.0;Raj;Vinnie;SEASHELLS;9974.0;8
1;30434.0;Vinnie;Vinnie;SEASHELLS;9975.0;9
1;30464.0;Vinnie;Vinnie;SEASHELLS;9970.0;5
1;30465.0;Vinnie;Raj;SEASHELLS;9969.0;8
1;30482.0;Raj;Vinnie;SEASHELLS;9969.0;8
1;30487.0;Vinnie;Vinnie;SEASHELLS;9964.0;5
1;30514.0;Rhianna;Vinnie;SEASHELLS;9969.0;3
1;30523.0;Vinnie;Vinnie;SEASHELLS;9970.0;8
1;30529.0;Vinnie;Rhianna;SEASHELLS;9972.0;3
1;30542.0;Vinnie;Raj;SEASHELLS;9975.0;6
1;30555.0;Vinnie;Rhianna;SEASHELLS;9974.0;3
1;30563.0;Vinnie;Vinnie;SEASHELLS;9973.0;9
1;30581.0;Rhianna;Vinnie;SEASHELLS;9966.0;2
1;30589.0;Vinnie;Raj;SEASHELLS;9962.0;5
1;30594.0;Vinnie;Vinnie;SEASHELLS;9960.0;5
1;30612.0;Vinnie;Vinnie;SEASHELLS;9956.0;9
1;30617.0;Vinnie;Rhianna;SEASHELLS;9952.0;3
1;30642.0;Rhianna;Vinnie;SEASHELLS;9947.0;3
1;30656.0;Vinnie;Vinnie;SEASHELLS;9943.0;5
1;30659.0;Vinnie;Vinnie;SEASHELLS;9945.0;7
1;30670.0;Vinnie;Vinnie;SEASHELLS;9943.0;7
1;30692.0;Vinnie;Vinnie;SEASHELLS;9954.0;10
1;30700.0;Vinnie;Vinnie;SEASHELLS;9953.0;8
1;30704.0;Raj;Vinnie;SEASHELLS;9952.0;7
1;30715.0;Vinnie;Vinnie;SEASHELLS;9955.0;6
1;30719.0;Vinnie;Vinnie;SEASHELLS;9956.0;8
1;30732.0;Vinnie;Vinnie;SEASHELLS;9955.0;9
1;30742.0;Rhianna;Vinnie;SEASHELLS;9960.0;3
1;30751.0;Vinnie;Vinnie;SEASHELLS;9963.0;7
1;30773.0;Vinnie;Vinnie;SEASHELLS;9958.0;8
1;30778.0;Vinnie;Vinnie;SEASHELLS;9954.0;6
1;30785.0;Vinnie;Raj;SEASHELLS;9956.0;5
1;30794.0;Vinnie;Vinnie;SEASHELLS;9953.0;7
1;30830.0;Vinnie;Vinnie;SEASHELLS;9961.0;5
1;30856.0;Vinnie;Vinnie;SEASHELLS;9952.0;9
1;30866.0;Vinnie;Vinnie;SEASHELLS;9950.0;6
1;30886.0;Vinnie;Vinnie;SEASHELLS;9949.0;9
1;30894.0;Vinnie;Vinnie;SEASHELLS;9941.0;5
1;30904.0;Vinnie;Vinnie;SEASHELLS;9943.0;9
1;30966.0;Vinnie;Vinnie;SEASHELLS;9951.0;5
1;30972.0;Raj;Vinnie;SEASHELLS;9952.0;7
1;30974.0;Vinnie;Vinnie;SEASHELLS;9950.0;7
1;31025.0;Raj;Vinnie;SEASHELLS;9958.0;8
1;31029.0;Vinnie;Vinnie;SEASHELLS;9955.0;6
1;31033.0;Vinnie;Vinnie;SEASHELLS;9957.0;5
1;31036.0;Vinnie;Vinnie;SEASHELLS;9956.0;5
1;31061.0;Vinnie;Vinnie;SEASHELLS;9953.0;9
1;31062.0;Vinnie;Vinnie;SEASHELLS;9953.0;8
1;31073.0;Vinnie;Vinnie;SEASHELLS;9951.0;8
1;31076.0;Raj;Vinnie;SEASHELLS;9952.0;6
1;31086.0;Vinnie;Raj;SEASHELLS;9948.0;5
1;31129.0;Vinnie;Vinnie;SEASHELLS;9966.0;9
1;31143.0;Vinnie;Vinnie;SEASHELLS;9958.0;9
1;31171.0;Vinnie;Vinnie;SEASHELLS;9950.0;10
1;31182.0;Vinnie;Vinnie;SEASHELLS;9948.0;5
1;31187.0;Vinnie;Rhianna;SEASHELLS;9949.0;3
1;31190.0;Vinnie;Vinnie;SEASHELLS;9950.0;6
1;31253.0;Vinnie;Vinnie;SEASHELLS;9956.0;8
1;31257.0;Vinnie;Vinnie;SEASHELLS;9955.0;9
1;31257.0;Rhianna;Vinnie;SEASHELLS;9956.0;3
1;31272.0;Raj;Vinnie;SEASHELLS;9958.0;6
1;31284.0;Vinnie;Vinnie;SEASHELLS;9958.0;8
1;31286.0;Vinnie;Raj;SEASHELLS;9956.0;8
1;31313.0;Vinnie;Vinnie;SEASHELLS;9956.0;5
1;31342.0;Vinnie;Vinnie;SEASHELLS;9962.0;5
1;31361.0;Vinnie;Raj;SEASHELLS;9970.0;9
1;31406.0;Vinnie;Vinnie;SEASHELLS;9961.0;7
1;31410.0;Vinnie;Vinnie;SEASHELLS;9963.0;8
1;31426.0;Raj;Vinnie;SEASHELLS;9962.0;10
1;31436.0;Raj;Vinnie;SEASHELLS;9960.0;9
1;31470.0;Vinnie;Vinnie;SEASHELLS;9959.0;9
1;31476.0;Vinnie;Raj;SEASHELLS;9959.0;8
1;31490.0;Vinnie;Vinnie;SEASHELLS;9958.0;10
1;31499.0;Vinnie;Vinnie;SEASHELLS;9957.0;10
1;31506.0;Vinnie;Rhianna;SEASHELLS;9958.0;1
1;31542.0;Vinnie;Rhianna;SEASHELLS;9963.0;3
1;31543.0;Vinnie;Raj;SEASHELLS;9964.0;8
1;31562.0;Rhianna;Vinnie;SEASHELLS;9968.0;1
1;31580.0;Vinnie;Vinnie;SEASHELLS;9973.0;5
1;31600.0;Vinnie;Vinnie;SEASHELLS;9971.0;8
1;31630.0;Vinnie;Vinnie;SEASHELLS;9973.0;7
1;31658.0;Vinnie;Vinnie;SEASHELLS;9979.0;5
1;31667.0;Vinnie;Vinnie;SEASHELLS;9977.0;7
1;31683.0;Vinnie;Vinnie;SEASHELLS;9973.0;9
1;31712.0;Vinnie;Raj;SEASHELLS;9972.0;9
1;31726.0;Vinnie;Vinnie;SEASHELLS;9975.0;9
1;31740.0;Vinnie;Rhianna;SEASHELLS;9978.0;1
1;31751.0;Vinnie;Vinnie;SEASHELLS;9978.0;5
1;31758.0;Raj;Vinnie;SEASHELLS;9980.0;8
1;31770.0;Rhianna;Vinnie;SEASHELLS;9975.0;2
1;31778.0;Rhianna;Vinnie;SEASHELLS;9975.0;2
1;31785.0;Vinnie;Raj;SEASHELLS;9975.0;10
1;31795.0;Rhianna;Vinnie;SEASHELLS;9976.0;3
1;31799.0;Vinnie;Raj;SEASHELLS;9974.0;5
1;31823.0;Vinnie;Vinnie;SEASHELLS;9971.0;10
1;31828.0;Vinnie;Vinnie;SEASHELLS;9970.0;5
1;31837.0;Vinnie;Vinnie;SEASHELLS;9975.0;9
1;31838.0;Vinnie;Vinnie;SEASHELLS;9976.0;9
1;31838.0;Vinnie;Raj;SEASHELLS;9976.0;8
1;31848.0;Vinnie;Vinnie;SEASHELLS;9974.0;10
1;31856.0;Vinnie;Vinnie;SEASHELLS;9971.0;7
1;31884.0;Vinnie;Rhianna;SEASHELLS;9976.0;2
1;31889.0;Vinnie;Vinnie;SEASHELLS;9978.0;5
1;31899.0;Vinnie;Vinnie;SEASHELLS;9975.0;6
1;31952.0;Vinnie;Vinnie;SEASHELLS;9978.0;9
1;31971.0;Rhianna;Vinnie;SEASHELLS;9974.0;2
1;31977.0;Vinnie;Vinnie;SEASHELLS;9973.0;6
1;31987.0;Vinnie;Vinnie;SEASHELLS;9976.0;5
1;32041.0;Vinnie;Vinnie;SEASHELLS;9975.0;5
1;32074.0;Vinnie;Rhianna;SEASHELLS;9970.0;2
1;32093.0;Vinnie;Vinnie;SEASHELLS;9965.0;6
1;32113.0;Vinnie;Raj;SEASHELLS;9967.0;8
1;32122.0;Vinnie;Vinnie;SEASHELLS;9966.0;9
1;32124.0;Vinnie;Vinnie;SEASHELLS;9966.0;5
1;32148.0;Raj;Vinnie;SEASHELLS;9964.0;10
1;32184.0;Raj;Vinnie;SEASHELLS;9968.0;7
1;32189.0;Vinnie;Vinnie;SEASHELLS;9966.0;5
1;32212.0;Vinnie;Vinnie;SEASHELLS;9960.0;9
1;32213.0;Vinnie;Vinnie;SEASHELLS;9960.0;5
1;32214.0;Vinnie;Vinnie;SEASHELLS;9961.0;5
1;32227.0;Vinnie;Vinnie;SEASHELLS;9962.0;9
1;32268.0;Vinnie;Vinnie;SEASHELLS;9957.0;5
1;32295.0;Vinnie;Vinnie;SEASHELLS;9961.0;10
1;32328.0;Raj;Vinnie;SEASHELLS;9959.0;7
1;32330.0;Rhianna;Vinnie;SEASHELLS;9958.0;2
1;32347.0;Vinnie;Vinnie;SEASHELLS;9957.0;8
1;32355.0;Vinnie;Vinnie;SEASHELLS;9961.0;5
1;32432.0;Vinnie;Vinnie;SEASHELLS;9957.0;10
1;32470.0;Vinnie;Vinnie;SEASHELLS;9955.0;7
1;32476.0;Rhianna;Vinnie;SEASHELLS;9952.0;1
1;32492.0;Vinnie;Vinnie;SEASHELLS;9951.0;9
1;32493.0;Vinnie;Vinnie;SEASHELLS;9950.0;7
1;32501.0;Raj;Vinnie;SEASHELLS;9951.0;10
1;32504.0;Vinnie;Raj;SEASHELLS;9951.0;9
1;32515.0;Vinnie;Vinnie;SEASHELLS;9955.0;7
1;32534.0;Vinnie;Raj;SEASHELLS;9955.0;5
1;32546.0;Vinnie;Vinnie;SEASHELLS;9955.0;10
1;32550.0;Vinnie;Vinnie;SEASHELLS;9956.0;5
1;32554.0;Vinnie;Vinnie;SEASHELLS;9956.0;9
1;32569.0;Vinnie;Raj;SEASHELLS;9958.0;8
1;32578.0;Vinnie;Vinnie;SEASHELLS;9959.0;8
1;32588.0;Rhianna;Vinnie;SEASHELLS;9963.0;3
1;32590.0;Rhianna;Vinnie;SEASHELLS;9963.0;1
1;32610.0;Vinnie;Vinnie;SEASHELLS;9971.0;8
1;32648.0;Raj;Vinnie;SEASHELLS;9966.0;6
1;32663.0;Vinnie;Vinnie;SEASHELLS;9963.0;5
1;32670.0;Rhianna;Vinnie;SEASHELLS;9969.0;3
1;32673.0;Raj;Vinnie;SEASHELLS;9970.0;10
1;32696.0;Vinnie;Rhianna;SEASHELLS;9977.0;2
1;32701.0;Vinnie;Vinnie;SEASHELLS;9975.0;6
1;32703.0;Vinnie;Vinnie;SEASHELLS;9975.0;6
1;32706.0;Vinnie;Vinnie;SEASHELLS;9973.0;8
1;32748.0;Vinnie;Vinnie;SEASHELLS;9981.0;6
1;32751.0;Vinnie;Rhianna;SEASHELLS;9980.0;1
1;32806.0;Vinnie;Vinnie;SEASHELLS;9991.0;6
1;32831.0;Vinnie;Rhianna;SEASHELLS;9989.0;3
1;32851.0;Vinnie;Vinnie;SEASHELLS;9991.0;8
1;32878.0;Vinnie;Vinnie;SEASHELLS;10001.0;10
1;32898.0;Vinnie;Vinnie;SEASHELLS;10009.0;6
1;32988.0;Vinnie;Vinnie;SEASHELLS;10027.0;9
1;33009.0;Raj;Vinnie;SEASHELLS;10028.0;9
1;33022.0;Vinnie;Vinnie;SEASHELLS;10028.0;5
1;33027.0;Raj;Vinnie;SEASHELLS;10033.0;6
1;33028.0;Vinnie;Vinnie;SEASHELLS;10033.0;7
1;33030.0;Vinnie;Vinnie;SEASHELLS;10033.0;10
1;33046.0;Raj;Vinnie;SEASHELLS;10029.0;7
1;33093.0;Vinnie;Vinnie;SEASHELLS;10027.0;10
1;33094.0;Raj;Vinnie;SEASHELLS;10029.0;7
1;33096.0;Vinnie;Vinnie;SEASHELLS;10027.0;8
1;33111.0;Vinnie;Rhianna;SEASHELLS;10024.0;1
1;33111.0;Vinnie;Vinnie;SEASHELLS;10024.0;6
1;33112.0;Vinnie;Raj;SEASHELLS;10023.0;8
1;33131.0;Raj;Vinnie;SEASHELLS;10024.0;7
1;33142.0;Vinnie;Vinnie;SEASHELLS;10022.0;8
1;33160.0;Vinnie;Vinnie;SEASHELLS;10020.0;6
1;33170.0;Vinnie;Vinnie;SEASHELLS;10023.0;6
1;33194.0;Vinnie;Raj;SEASHELLS;10018.0;8
1;33203.0;Vinnie;Rhianna;SEASHELLS;10024.0;2
1;33222.0;Raj;Vinnie;SEASHELLS;10027.0;6
1;33227.0;Vinnie;Vinnie;SEASHELLS;10029.0;6
1;33233.0;Rhianna;Vinnie;SEASHELLS;10032.0;1
1;33234.0;Vinnie;Vinnie;SEASHELLS;10029.0;8
1;33241.0;Vinnie;Vinnie;SEASHELLS;10026.0;6
1;33252.0;Vinnie;Vinnie;SEASHELLS;10024.0;9
1;33268.0;Vinnie;Vinnie;SEASHELLS;10027.0;7
1;33294.0;Vinnie;Raj;SEASHELLS;10038.0;6
1;33294.0;Vinnie;Rhianna;SEASHELLS;10038.0;2
1;33296.0;Vinnie;Rhianna;SEASHELLS;10038.0;2
1;33303.0;Raj;Vinnie;SEASHELLS;10044.0;8
1;33310.0;Vinnie;Vinnie;SEASHELLS;10045.0;10
1;33322.0;Rhianna;Vinnie;SEASHELLS;10052.0;1
1;33329.0;Vinnie;Rhianna;SEASHELLS;10050.0;1
1;33356.0;Vinnie;Vinnie;SEASHELLS;10040.0;5
1;33361.0;Vinnie;Rhianna;SEASHELLS;10040.0;3
1;33363.0;Vinnie;Vinnie;SEASHELLS;10039.0;7
1;33383.0;Vinnie;Vinnie;SEASHELLS;10038.0;8
1;33405.0;Rhianna;Vinnie;SEASHELLS;10041.0;1
1;33411.0;Vinnie;Vinnie;SEASHELLS;10041.0;6
1;33420.0;Vinnie;Vinnie;SEASHELLS;10043.0;6
1;33435.0;Vinnie;Vinnie;SEASHELLS;10042.0;5
1;33443.0;Vinnie;Vinnie;SEASHELLS;10037.0;6
1;33468.0;Raj;Vinnie;SEASHELLS;10043.0;9
1;33474.0;Rhianna;Vinnie;SEASHELLS;10041.0;2
1;33508.0;Raj;Vinnie;SEASHELLS;10039.0;10
1;33523.0;Vinnie;Rhianna;SEASHELLS;10043.0;1
1;33523.0;Vinnie;Vinnie;SEASHELLS;10043.0;7
1;33543.0;Vinnie;Vinnie;SEASHELLS;10043.0;9
1;33575.0;Vinnie;Vinnie;SEASHELLS;10041.0;6
1;33579.0;Raj;Vinnie;SEASHELLS;10041.0;8
1;33588.0;Vinnie;Vinnie;SEASHELLS;10040.0;10
1;33598.0;Vinnie;Raj;SEASHELLS;10041.0;10
1;33600.0;Vinnie;Vinnie;SEASHELLS;10039.0;9
1;33601.0;Vinnie;Vinnie;SEASHELLS;10038.0;9
1;33609.0;Vinnie;Rhianna;SEASHELLS;10039.0;2
1;33624.0;Vinnie;Rhianna;SEASHELLS;10044.0;3
1;33655.0;Vinnie;Vinnie;SEASHELLS;10049.0;10
1;33665.0;Vinnie;Vinnie;SEASHELLS;10050.0;8
1;33672.0;Vinnie;Vinnie;SEASHELLS;10054.0;10
1;33675.0;Vinnie;Raj;SEASHELLS;10053.0;9
1;33677.0;Vinnie;Raj;SEASHELLS;10055.0;10
1;33712.0;Rhianna;Vinnie;SEASHELLS;10056.0;1
1;33723.0;Raj;Vinnie;SEASHELLS;10059.0;7
1;33751.0;Rhianna;Vinnie;SEASHELLS;10060.0;3
1;33753.0;Raj;Vinnie;SEASHELLS;10058.0;8
1;33781.0;Vinnie;Vinnie;SEASHELLS;10059.0;5
1;33783.0;Raj;Vinnie;SEASHELLS;10060.0;7
1;33787.0;Vinnie;Vinnie;SEASHELLS;10059.0;9
1;33797.0;Vinnie;Vinnie;SEASHELLS;10056.0;9
1;33862.0;Vinnie;Vinnie;SEASHELLS;10063.0;9
1;33872.0;Raj;Vinnie;SEASHELLS;10068.0;7
1;33888.0;Vinnie;Vinnie;SEASHELLS;10061.0;9
1;33893.0;Vinnie;Vinnie;SEASHELLS;10062.0;8
1;33901.0;Vinnie;Vinnie;SEASHELLS;10061.0;9
1;33910.0;Vinnie;Vinnie;SEASHELLS;10062.0;7
1;33946.0;Vinnie;Vinnie;SEASHELLS;10062.0;10
1;33953.0;Vinnie;Vinnie;SEASHELLS;10061.0;6
1;33955.0;Vinnie;Rhianna;SEASHELLS;10059.0;3
1;33957.0;Vinnie;Vinnie;SEASHELLS;10060.0;8
1;33961.0;Vinnie;Vinnie;SEASHELLS;10063.0;9
1;34015.0;Vinnie;Rhianna;SEASHELLS;10047.0;2
1;34020.0;Vinnie;Vinnie;SEASHELLS;10043.0;9
1;34029.0;Raj;Vinnie;SEASHELLS;10043.0;6
1;34044.0;Vinnie;Rhianna;SEASHELLS;10036.0;1
1;34060.0;Rhianna;Vinnie;SEASHELLS;10029.0;1
1;34064.0;Vinnie;Vinnie;SEASHELLS;10030.0;9
1;34083.0;Raj;Vinnie;SEASHELLS;10028.0;10
1;34084.0;Vinnie;Vinnie;SEASHELLS;10026.0;5
1;34098.0;Vinnie;Vinnie;SEASHELLS;10021.0;10
1;34100.0;Vinnie;Vinnie;SEASHELLS;10020.0;6
1;34101.0;Vinnie;Vinnie;SEASHELLS;10021.0;6
1;34109.0;Vinnie;Vinnie;SEASHELLS;10023.0;7
1;34156.0;Vinnie;Vinnie;SEASHELLS;10029.0;10
1;34166.0;Rhianna;Vinnie;SEASHELLS;10026.0;1
1;34167.0;Vinnie;Vinnie;SEASHELLS;10025.0;7
1;34173.0;Vinnie;Vinnie;SEASHELLS;10018.0;6
1;34232.0;Vinnie;Vinnie;SEASHELLS;10028.0;7
1;34233.0;Raj;Vinnie;SEASHELLS;10030.0;9
1;34238.0;Rhianna;Vinnie;SEASHELLS;10028.0;1
1;34243.0;Rhianna;Vinnie;SEASHELLS;10028.0;2
1;34257.0;Vinnie;Vinnie;SEASHELLS;10024.0;5
1;34268.0;Vinnie;Vinnie;SEASHELLS;10030.0;8
1;34282.0;Raj;Vinnie;SEASHELLS;10034.0;6
1;34304.0;Vinnie;Vinnie;SEASHELLS;10041.0;9
1;34320.0;Vinnie;Vinnie;SEASHELLS;10045.0;8
1;34335.0;Vinnie;Raj;SEASHELLS;10042.0;10
1;34340.0;Raj;Vinnie;SEASHELLS;10044.0;5
1;34343.0;Vinnie;Raj;SEASHELLS;10044.0;8
1;34344.0;Vinnie;Vinnie;SEASHELLS;10045.0;10
1;34369.0;Rhianna;Vinnie;SEASHELLS;10048.0;1
1;34387.0;Vinnie;Vinnie;SEASHELLS;10055.0;7
1;34403.0;Vinnie;Vinnie;SEASHELLS;10058.0;9
1;34424.0;Vinnie;Vinnie;SEASHELLS;10055.0;10
1;34440.0;Vinnie;Vinnie;SEASHELLS;10056.0;7
1;34445.0;Vinnie;Vinnie;SEASHELLS;10054.0;8
1;34448.0;Vinnie;Vinnie;SEASHELLS;10054.0;5
1;34477.0;Rhianna;Vinnie;SEASHELLS;10052.0;1
1;34524.0;Vinnie;Vinnie;SEASHELLS;10056.0;6
1;34543.0;Vinnie;Vinnie;SEASHELLS;10065.0;9
1;34551.0;Vinnie;Rhianna;SEASHELLS;10064.0;3
1;34566.0;Vinnie;Raj;SEASHELLS;10061.0;10
1;34575.0;Vinnie;Vinnie;SEASHELLS;10061.0;5
1;34591.0;Vinnie;Vinnie;SEASHELLS;10063.0;9
1;34619.0;Vinnie;Rhianna;SEASHELLS;10059.0;1
1;34623.0;Vinnie;Rhianna;SEASHELLS;10058.0;3
1;34636.0;Vinnie;Vinnie;SEASHELLS;10056.0;8
1;34642.0;Vinnie;Vinnie;SEASHELLS;10057.0;7
1;34645.0;Vinnie;Vinnie;SEASHELLS;10057.0;6
1;34662.0;Raj;Vinnie;SEASHELLS;10057.0;10
1;34681.0;Vinnie;Rhianna;SEASHELLS;10055.0;1
1;34689.0;Rhianna;Vinnie;SEASHELLS;10055.0;1
1;34690.0;Vinnie;Vinnie;SEASHELLS;10052.0;5
1;34715.0;Vinnie;Vinnie;SEASHELLS;10051.0;9
1;34763.0;Vinnie;Vinnie;SEASHELLS;10048.0;7
1;34778.0;Vinnie;Vinnie;SEASHELLS;10038.0;7
1;34782.0;Vinnie;Vinnie;SEASHELLS;10036.0;8
1;34786.0;Vinnie;Vinnie;SEASHELLS;10035.0;8
1;34793.0;Vinnie;Vinnie;SEASHELLS;10036.0;5
1;34807.0;Vinnie;Vinnie;SEASHELLS;10040.0;5
1;34816.0;Vinnie;Raj;SEASHELLS;10034.0;9
1;34823.0;Vinnie;Vinnie;SEASHELLS;10033.0;10
1;34836.0;Vinnie;Raj;SEASHELLS;10029.0;5
1;34869.0;Vinnie;Raj;SEASHELLS;10031.0;7
1;34870.0;Vinnie;Vinnie;SEASHELLS;10031.0;5
1;34881.0;Rhianna;Vinnie;SEASHELLS;10031.0;2
1;34903.0;Vinnie;Vinnie;SEASHELLS;10033.0;10
1;34939.0;Vinnie;Vinnie;SEASHELLS;10041.0;7
1;34989.0;Vinnie;Vinnie;SEASHELLS;10037.0;7
1;34994.0;Vinnie;Rhianna;SEASHELLS;10039.0;2
1;35005.0;Vinnie;Rhianna;SEASHELLS;10041.0;1
1;35012.0;Vinnie;Rhianna;SEASHELLS;10042.0;1
1;35015.0;Vinnie;Vinnie;SEASHELLS;10043.0;5
1;35027.0;Vinnie;Vinnie;SEASHELLS;10042.0;8
1;35061.0;Vinnie;Rhianna;SEASHELLS;10039.0;3
1;35068.0;Vinnie;Vinnie;SEASHELLS;10035.0;6
1;35072.0;Vinnie;Vinnie;SEASHELLS;10033.0;7
1;35081.0;Vinnie;Rhianna;SEASHELLS;10036.0;1
1;35094.0;Raj;Vinnie;SEASHELLS;10037.0;9
1;35105.0;Rhianna;Vinnie;SEASHELLS;10032.0;3
1;35126.0;Raj;Vinnie;SEASHELLS;10034.0;7
1;35144.0;Rhianna;Vinnie;SEASHELLS;10046.0;2
1;35183.0;Vinnie;Raj;SEASHELLS;10052.0;10
1;35192.0;Vinnie;Vinnie;SEASHELLS;10054.0;6
1;35214.0;Vinnie;Vinnie;SEASHELLS;10056.0;9
1;35251.0;Vinnie;Vinnie;SEASHELLS;10054.0;8
1;35258.0;Vinnie;Vinnie;SEASHELLS;10052.0;8
1;35261.0;Vinnie;Vinnie;SEASHELLS;10055.0;8
1;35267.0;Vinnie;Raj;SEASHELLS;10058.0;9
1;35275.0;Vinnie;Vinnie;SEASHELLS;10058.0;5
1;35278.0;Vinnie;Vinnie;SEASHELLS;10055.0;10
1;35279.0;Vinnie;Vinnie;SEASHELLS;10054.0;5
1;35290.0;Vinnie;Raj;SEASHELLS;10053.0;9
1;35316.0;Vinnie;Vinnie;SEASHELLS;10059.0;10
1;35337.0;Raj;Vinnie;SEASHELLS;10062.0;10
1;35342.0;Vinnie;Vinnie;SEASHELLS;10064.0;7
1;35344.0;Rhianna;Vinnie;SEASHELLS;10065.0;1
1;35369.0;Vinnie;Vinnie;SEASHELLS;10066.0;5
1;35376.0;Rhianna;Vinnie;SEASHELLS;10069.0;1
1;35404.0;Vinnie;Vinnie;SEASHELLS;10072.0;8
1;35464.0;Raj;Vinnie;SEASHELLS;10070.0;9
1;35492.0;Rhianna;Vinnie;SEASHELLS;10074.0;2
1;35498.0;Rhianna;Vinnie;SEASHELLS;10073.0;3
1;35512.0;Rhianna;Vinnie;SEASHELLS;10078.0;1
1;35515.0;Vinnie;Raj;SEASHELLS;10079.0;10
1;35515.0;Rhianna;Vinnie;SEASHELLS;10080.0;2
1;35526.0;Vinnie;Raj;SEASHELLS;10078.0;7
1;35535.0;Vinnie;Vinnie;SEASHELLS;10074.0;5
1;35554.0;Vinnie;Vinnie;SEASHELLS;10074.0;10
1;35565.0;Vinnie;Vinnie;SEASHELLS;10077.0;10
1;35570.0;Vinnie;Vinnie;SEASHELLS;10076.0;6
1;35582.0;Vinnie;Vinnie;SEASHELLS;10072.0;6
1;35597.0;Vinnie;Raj;SEASHELLS;10069.0;10
1;35624.0;Vinnie;Vinnie;SEASHELLS;10067.0;9
1;35626.0;Vinnie;Vinnie;SEASHELLS;10068.0;5
1;35636.0;Vinnie;Vinnie;SEASHELLS;10067.0;6
1;35644.0;Vinnie;Vinnie;SEASHELLS;10071.0;5
1;35711.0;Vinnie;Vinnie;SEASHELLS;10060.0;7
1;35713.0;Vinnie;Vinnie;SEASHELLS;10060.0;6
1;35723.0;Raj;Vinnie;SEASHELLS;10060.0;6
1;35762.0;Vinnie;Vinnie;SEASHELLS;10046.0;5
1;35777.0;Vinnie;Vinnie;SEASHELLS;10045.0;7
1;35783.0;Vinnie;Rhianna;SEASHELLS;10042.0;3
1;35786.0;Vinnie;Vinnie;SEASHELLS;10048.0;8
1;35792.0;Vinnie;Raj;SEASHELLS;10043.0;10
1;35795.0;Vinnie;Vinnie;SEASHELLS;10044.0;8
1;35829.0;Vinnie;Vinnie;SEASHELLS;10044.0;6
1;35837.0;Vinnie;Rhianna;SEASHELLS;10043.0;2
1;35837.0;Raj;Vinnie;SEASHELLS;10044.0;10
1;35846.0;Vinnie;Vinnie;SEASHELLS;10043.0;6
1;35884.0;Vinnie;Rhianna;SEASHELLS;10059.0;1
1;35925.0;Vinnie;Vinnie;SEASHELLS;10051.0;5
1;35959.0;Raj;Vinnie;SEASHELLS;10051.0;5
1;36011.0;Vinnie;Raj;SEASHELLS;10048.0;8
1;36017.0;Vinnie;Rhianna;SEASHELLS;10048.0;2
1;36020.0;Rhianna;Vinnie;SEASHELLS;10048.0;3
1;36021.0;Vinnie;Vinnie;SEASHELLS;10047.0;10
1;36032.0;Vinnie;Rhianna;SEASHELLS;10051.0;2
1;36043.0;Vinnie;Vinnie;SEASHELLS;10054.0;8
1;36059.0;Raj;Vinnie;SEASHELLS;10059.0;9
1;36061.0;Rhianna;Vinnie;SEASHELLS;10057.0;3
1;36067.0;Vinnie;Vinnie;SEASHELLS;10057.0;7
1;36081.0;Vinnie;Rhianna;SEASHELLS;10057.0;3
1;36102.0;Vinnie;Rhianna;SEASHELLS;10061.0;2
1;36103.0;Rhianna;Vinnie;SEASHELLS;10064.0;3
1;36107.0;Vinnie;Raj;SEASHELLS;10061.0;10
1;36107.0;Rhianna;Vinnie;SEASHELLS;10062.0;3
1;36174.0;Vinnie;Vinnie;SEASHELLS;10036.0;7
1;36198.0;Vinnie;Vinnie;SEASHELLS;10033.0;6
1;36237.0;Vinnie;Raj;SEASHELLS;10035.0;5
1;36250.0;Vinnie;Vinnie;SEASHELLS;10036.0;9
1;36252.0;Vinnie;Vinnie;SEASHELLS;10036.0;9
1;36254.0;Vinnie;Vinnie;SEASHELLS;10035.0;5
1;36256.0;Vinnie;Vinnie;SEASHELLS;10036.0;9
1;36266.0;Raj;Vinnie;SEASHELLS;10034.0;5
1;36282.0;Vinnie;Vinnie;SEASHELLS;10033.0;9
1;36291.0;Vinnie;Vinnie;SEASHELLS;10031.0;6
1;36298.0;Vinnie;Vinnie;SEASHELLS;10033.0;8
1;36332.0;Vinnie;Vinnie;SEASHELLS;10033.0;6
1;36333.0;Vinnie;Vinnie;SEASHELLS;10033.0;5
1;36337.0;Rhianna;Vinnie;SEASHELLS;10036.0;3
1;36355.0;Raj;Vinnie;SEASHELLS;10028.0;9
1;36364.0;Vinnie;Vinnie;SEASHELLS;10028.0;10
1;36367.0;Vinnie;Vinnie;SEASHELLS;10027.0;7
1;36370.0;Vinnie;Raj;SEASHELLS;10026.0;8
1;36377.0;Vinnie;Vinnie;SEASHELLS;10028.0;6
1;36389.0;Vinnie;Vinnie;SEASHELLS;10034.0;5
1;36416.0;Vinnie;Vinnie;SEASHELLS;10037.0;7
1;36419.0;Vinnie;Vinnie;SEASHELLS;10038.0;9
1;36420.0;Vinnie;Vinnie;SEASHELLS;10039.0;9
1;36436.0;Vinnie;Vinnie;SEASHELLS;10038.0;6
1;36443.0;Vinnie;Vinnie;SEASHELLS;10037.0;6
1;36467.0;Vinnie;Vinnie;SEASHELLS;10032.0;9
1;36467.0;Raj;Vinnie;SEASHELLS;10034.0;10
1;36477.0;Vinnie;Raj;SEASHELLS;10037.0;10
1;36477.0;Vinnie;Rhianna;SEASHELLS;10037.0;2
1;36489.0;Raj;Vinnie;SEASHELLS;10042.0;9
1;36494.0;Rhianna;Vinnie;SEASHELLS;10042.0;1
1;36519.0;Vinnie;Rhianna;SEASHELLS;10049.0;3
1;36614.0;Vinnie;Vinnie;SEASHELLS;10043.0;9
1;36618.0;Vinnie;Raj;SEASHELLS;10039.0;9
1;36621.0;Vinnie;Raj;SEASHELLS;10041.0;9
1;36633.0;Vinnie;Vinnie;SEASHELLS;10043.0;6
1;36645.0;Vinnie;Vinnie;SEASHELLS;10040.0;10
1;36667.0;Vinnie;Rhianna;SEASHELLS;10041.0;1
1;36671.0;Rhianna;Vinnie;SEASHELLS;10047.0;1
1;36701.0;Vinnie;Vinnie;SEASHELLS;10045.0;10
1;36702.0;Vinnie;Vinnie;SEASHELLS;10045.0;7
1;36717.0;Vinnie;Raj;SEASHELLS;10050.0;7
1;36719.0;Vinnie;Raj;SEASHELLS;10050.0;6
1;36763.0;Vinnie;Vinnie;SEASHELLS;10053.0;5
1;36769.0;Vinnie;Vinnie;SEASHELLS;10051.0;9
1;36775.0;Vinnie;Vinnie;SEASHELLS;10047.0;8
1;36779.0;Rhianna;Vinnie;SEASHELLS;10049.0;2
1;36800.0;Vinnie;Rhianna;SEASHELLS;10046.0;1
1;36812.0;Raj;Vinnie;SEASHELLS;10050.0;9
1;36823.0;Vinnie;Vinnie;SEASHELLS;10046.0;9
1;36862.0;Vinnie;Rhianna;SEASHELLS;10059.0;2
1;36869.0;Vinnie;Rhianna;SEASHELLS;10056.0;1
1;36890.0;Vinnie;Vinnie;SEASHELLS;10056.0;5
1;36893.0;Raj;Vinnie;SEASHELLS;10057.0;7
1;36918.0;Vinnie;Vinnie;SEASHELLS;10057.0;9
1;36928.0;Vinnie;Vinnie;SEASHELLS;10062.0;6
1;36955.0;Vinnie;Vinnie;SEASHELLS;10070.0;8
1;36958.0;Vinnie;Vinnie;SEASHELLS;10070.0;8
1;36967.0;Vinnie;Vinnie;SEASHELLS;10065.0;9
1;36970.0;Raj;Vinnie;SEASHELLS;10067.0;10
1;36976.0;Vinnie;Vinnie;SEASHELLS;10068.0;9
1;36991.0;Vinnie;Vinnie;SEASHELLS;10063.0;5
1;36995.0;Raj;Vinnie;SEASHELLS;10069.0;7
1;37028.0;Vinnie;Rhianna;SEASHELLS;10071.0;2
1;37037.0;Vinnie;Vinnie;SEASHELLS;10072.0;10
1;37048.0;Vinnie;Vinnie;SEASHELLS;10072.0;8
1;37050.0;Vinnie;Vinnie;SEASHELLS;10073.0;9
1;37055.0;Vinnie;Vinnie;SEASHELLS;10074.0;9
1;37110.0;Vinnie;Vinnie;SEASHELLS;10079.0;10
1;37115.0;Vinnie;Vinnie;SEASHELLS;10078.0;10
1;37125.0;Vinnie;Raj;SEASHELLS;10075.0;7
1;37131.0;Vinnie;Vinnie;SEASHELLS;10074.0;6
1;37141.0;Vinnie;Raj;SEASHELLS;10077.0;9
1;37159.0;Raj;Vinnie;SEASHELLS;10079.0;7
1;37174.0;Vinnie;Vinnie;SEASHELLS;10076.0;5
1;37199.0;Rhianna;Vinnie;SEASHELLS;10073.0;2
1;37212.0;Rhianna;Vinnie;SEASHELLS;10070.0;1
1;37216.0;Vinnie;Vinnie;SEASHELLS;10071.0;7
1;37216.0;Raj;Vinnie;SEASHELLS;10072.0;7
1;37218.0;Vinnie;Vinnie;SEASHELLS;10071.0;10
1;37228.0;Vinnie;Vinnie;SEASHELLS;10071.0;7
1;37230.0;Vinnie;Vinnie;SEASHELLS;10070.0;10
1;37233.0;Rhianna;Vinnie;SEASHELLS;10071.0;2
1;37248.0;Vinnie;Vinnie;SEASHELLS;10072.0;8
1;37255.0;Vinnie;Rhianna;SEASHELLS;10070.0;3
1;37263.0;Vinnie;Vinnie;SEASHELLS;10065.0;10
1;37297.0;Vinnie;Rhianna;SEASHELLS;10067.0;1
1;37317.0;Vinnie;Vinnie;SEASHELLS;10070.0;7
1;37325.0;Vinnie;Vinnie;SEASHELLS;10071.0;8
1;37339.0;Vinnie;Vinnie;SEASHELLS;10074.0;5
1;37360.0;Raj;Vinnie;SEASHELLS;10079.0;10
1;37399.0;Vinnie;Rhianna;SEASHELLS;10075.0;3
1;37413.0;Rhianna;Vinnie;SEASHELLS;10075.0;1
1;37433.0;Vinnie;Vinnie;SEASHELLS;10084.0;6
1;37437.0;Vinnie;Vinnie;SEASHELLS;10085.0;5
1;37443.0;Vinnie;Raj;SEASHELLS;10087.0;5
1;37475.0;Vinnie;Vinnie;SEASHELLS;10085.0;5
1;37479.0;Raj;Vinnie;SEASHELLS;10086.0;10
1;37480.0;Vinnie;Raj;SEASHELLS;10084.0;10
1;37493.0;Vinnie;Rhianna;SEASHELLS;10084.0;1
1;37497.0;Vinnie;Vinnie;SEASHELLS;10085.0;8
1;37516.0;Vinnie;Rhianna;SEASHELLS;10086.0;3
1;37540.0;Vinnie;Raj;SEASHELLS;10084.0;7
1;37542.0;Raj;Vinnie;SEASHELLS;10087.0;6
1;37543.0;Vinnie;Vinnie;SEASHELLS;10086.0;8
1;37555.0;Raj;Vinnie;SEASHELLS;10086.0;5
1;37556.0;Vinnie;Vinnie;SEASHELLS;10084.0;10
1;37573.0;Vinnie;Rhianna;SEASHELLS;10083.0;3
1;37587.0;Vinnie;Vinnie;SEASHELLS;10078.0;5
1;37609.0;Vinnie;Vinnie;SEASHELLS;10080.0;5
1;37622.0;Vinnie;Vinnie;SEASHELLS;10081.0;9
1;37668.0;Vinnie;Rhianna;SEASHELLS;10088.0;2
1;37681.0;Raj;Vinnie;SEASHELLS;10089.0;9
1;37682.0;Vinnie;Rhianna;SEASHELLS;10088.0;3
1;37699.0;Raj;Vinnie;SEASHELLS;10088.0;10
1;37738.0;Vinnie;Vinnie;SEASHELLS;10087.0;5
1;37741.0;Raj;Vinnie;SEASHELLS;10089.0;7
1;37753.0;Vinnie;Vinnie;SEASHELLS;10092.0;8
1;37753.0;Raj;Vinnie;SEASHELLS;10093.0;8
1;37775.0;Vinnie;Vinnie;SEASHELLS;10087.0;5
1;37781.0;Vinnie;Raj;SEASHELLS;10087.0;6
1;37796.0;Vinnie;Vinnie;SEASHELLS;10092.0;10
1;37833.0;Vinnie;Vinnie;SEASHELLS;10088.0;9
1;37839.0;Vinnie;Vinnie;SEASHELLS;10089.0;5
1;37867.0;Vinnie;Vinnie;SEASHELLS;10084.0;10
1;37879.0;Raj;Vinnie;SEASHELLS;10088.0;10
1;37895.0;Rhianna;Vinnie;SEASHELLS;10087.0;3
1;37898.0;Vinnie;Vinnie;SEASHELLS;10086.0;9
1;37899.0;Vinnie;Vinnie;SEASHELLS;10087.0;7
1;37900.0;Rhianna;Vinnie;SEASHELLS;10089.0;3
1;37944.0;Raj;Vinnie;SEASHELLS;10080.0;7
1;37954.0;Vinnie;Vinnie;SEASHELLS;10077.0;6
1;37955.0;Vinnie;Vinnie;SEASHELLS;10077.0;7
1;37995.0;Vinnie;Raj;SEASHELLS;10085.0;9
1;38004.0;Vinnie;Vinnie;SEASHELLS;10089.0;5
1;38055.0;Vinnie;Vinnie;SEASHELLS;10092.0;10
1;38067.0;Vinnie;Vinnie;SEASHELLS;10096.0;8
1;38100.0;Vinnie;Raj;SEASHELLS;10099.0;9
1;38114.0;Vinnie;Vinnie;SEASHELLS;10097.0;8
1;38116.0;Vinnie;Raj;SEASHELLS;10097.0;6
1;38146.0;Raj;Vinnie;SEASHELLS;10101.0;5
1;38150.0;Vinnie;Vinnie;SEASHELLS;10098.0;5
1;38159.0;Vinnie;Vinnie;SEASHELLS;10100.0;7
1;38164.0;Vinnie;Vinnie;SEASHELLS;10103.0;5
1;38172.0;Vinnie;Raj;SEASHELLS;10109.0;7
1;38221.0;Rhianna;Vinnie;SEASHELLS;10106.0;1
1;38244.0;Vinnie;Vinnie;SEASHELLS;10107.0;8
1;38262.0;Vinnie;Rhianna;SEASHELLS;10106.0;2
1;38295.0;Vinnie;Vinnie;SEASHELLS;10106.0;5
1;38308.0;Raj;Vinnie;SEASHELLS;10108.0;9
1;38356.0;Vinnie;Raj;SEASHELLS;10116.0;9
1;38357.0;Raj;Vinnie;SEASHELLS;10117.0;6
1;38362.0;Vinnie;Vinnie;SEASHELLS;10116.0;10
1;38368.0;Rhianna;Vinnie;SEASHELLS;10112.0;2
1;38380.0;Vinnie;Vinnie;SEASHELLS;10108.0;6
1;38388.0;Rhianna;Vinnie;SEASHELLS;10117.0;3
1;38414.0;Vinnie;Vinnie;SEASHELLS;10115.0;5
1;38443.0;Vinnie;Rhianna;SEASHELLS;10106.0;2
1;38448.0;Raj;Vinnie;SEASHELLS;10112.0;8
1;38461.0;Vinnie;Raj;SEASHELLS;10113.0;9
1;38501.0;Vinnie;Vinnie;SEASHELLS;10116.0;7
1;38556.0;Vinnie;Vinnie;SEASHELLS;10105.0;6
1;38571.0;Vinnie;Raj;SEASHELLS;10106.0;7
1;38577.0;Raj;Vinnie;SEASHELLS;10110.0;7
1;38602.0;Vinnie;Rhianna;SEASHELLS;10104.0;3
1;38618.0;Vinnie;Rhianna;SEASHELLS;10096.0;3
1;38620.0;Vinnie;Raj;SEASHELLS;10098.0;10
1;38631.0;Vinnie;Vinnie;SEASHELLS;10096.0;6
1;38637.0;Vinnie;Vinnie;SEASHELLS;10097.0;5
1;38665.0;Vinnie;Vinnie;SEASHELLS;10103.0;9
1;38666.0;Vinnie;Vinnie;SEASHELLS;10103.0;6
1;38710.0;Raj;Vinnie;SEASHELLS;10113.0;5
1;38716.0;Vinnie;Vinnie;SEASHELLS;10111.0;5
1;38732.0;Vinnie;Vinnie;SEASHELLS;10113.0;8
1;38746.0;Vinnie;Vinnie;SEASHELLS;10110.0;8
1;38748.0;Vinnie;Rhianna;SEASHELLS;10110.0;3
1;38758.0;Vinnie;Vinnie;SEASHELLS;10114.0;10
1;38779.0;Vinnie;Raj;SEASHELLS;10110.0;8
1;38793.0;Vinnie;Vinnie;SEASHELLS;10115.0;10
1;38805.0;Vinnie;Vinnie;SEASHELLS;10114.0;10
1;38815.0;Vinnie;Vinnie;SEASHELLS;10113.0;5
1;38817.0;Vinnie;Vinnie;SEASHELLS;10114.0;10
1;38819.0;Vinnie;Vinnie;SEASHELLS;10114.0;7
1;38852.0;Vinnie;Vinnie;SEASHELLS;10112.0;6
1;38858.0;Vinnie;Vinnie;SEASHELLS;10112.0;7
1;38859.0;Vinnie;Vinnie;SEASHELLS;10113.0;5
1;38863.0;Vinnie;Vinnie;SEASHELLS;10109.0;5
1;38874.0;Vinnie;Raj;SEASHELLS;10115.0;6
1;38885.0;Rhianna;Vinnie;SEASHELLS;10113.0;1
1;38906.0;Vinnie;Vinnie;SEASHELLS;10111.0;8
1;38906.0;Vinnie;Raj;SEASHELLS;10111.0;7
1;38907.0;Vinnie;Raj;SEASHELLS;10112.0;5
1;38912.0;Vinnie;Rhianna;SEASHELLS;10113.0;3
1;38928.0;Vinnie;Vinnie;SEASHELLS;10120.0;6
1;38935.0;Vinnie;Raj;SEASHELLS;10117.0;10
1;38955.0;Vinnie;Vinnie;SEASHELLS;10111.0;9
1;38966.0;Vinnie;Vinnie;SEASHELLS;10117.0;8
1;38971.0;Vinnie;Vinnie;SEASHELLS;10115.0;6
1;38990.0;Vinnie;Rhianna;SEASHELLS;10107.0;1
1;39012.0;Vinnie;Vinnie;SEASHELLS;10101.0;10
1;39016.0;Rhianna;Vinnie;SEASHELLS;10105.0;3
1;39030.0;Vinnie;Vinnie;SEASHELLS;10105.0;10
1;39045.0;Vinnie;Vinnie;SEASHELLS;10107.0;9
1;39050.0;Vinnie;Vinnie;SEASHELLS;10104.0;9
1;39051.0;Vinnie;Vinnie;SEASHELLS;10105.0;10
1;39053.0;Raj;Vinnie;SEASHELLS;10108.0;7
1;39079.0;Raj;Vinnie;SEASHELLS;10098.0;9
1;39123.0;Vinnie;Vinnie;SEASHELLS;10109.0;9
1;39135.0;Vinnie;Raj;SEASHELLS;10110.0;9
1;39143.0;Vinnie;Vinnie;SEASHELLS;10108.0;7
1;39147.0;Vinnie;Vinnie;SEASHELLS;10106.0;10
1;39166.0;Vinnie;Rhianna;SEASHELLS;10108.0;1
1;39201.0;Vinnie;Vinnie;SEASHELLS;10109.0;5
1;39228.0;Vinnie;Rhianna;SEASHELLS;10104.0;3
1;39318.0;Vinnie;Raj;SEASHELLS;10105.0;6
1;39324.0;Vinnie;Vinnie;SEASHELLS;10105.0;6
1;39342.0;Rhianna;Vinnie;SEASHELLS;10107.0;2
1;39398.0;Vinnie;Vinnie;SEASHELLS;10111.0;6
1;39398.0;Raj;Vinnie;SEASHELLS;10112.0;5
1;39427.0;Vinnie;Vinnie;SEASHELLS;10107.0;5
1;39432.0;Vinnie;Vinnie;SEASHELLS;10109.0;6
1;39439.0;Rhianna;Vinnie;SEASHELLS;10112.0;1
1;39442.0;Vinnie;Vinnie;SEASHELLS;10107.0;6
1;39444.0;Vinnie;Vinnie;SEASHELLS;10107.0;6
1;39483.0;Vinnie;Vinnie;SEASHELLS;10104.0;10
1;39500.0;Vinnie;Vinnie;SEASHELLS;10112.0;9
1;39505.0;Vinnie;Raj;SEASHELLS;10108.0;8
1;39507.0;Raj;Vinnie;SEASHELLS;10110.0;6
1;39509.0;Vinnie;Raj;SEASHELLS;10107.0;6
1;39514.0;Vinnie;Raj;SEASHELLS;10104.0;8
1;39538.0;Vinnie;Vinnie;SEASHELLS;10112.0;5
1;39555.0;Vinnie;Raj;SEASHELLS;10108.0;6
1;39564.0;Rhianna;Vinnie;SEASHELLS;10111.0;1
1;39587.0;Vinnie;Vinnie;SEASHELLS;10113.0;8
1;39591.0;Vinnie;Vinnie;SEASHELLS;10113.0;7
1;39595.0;Raj;Vinnie;SEASHELLS;10114.0;5
1;39669.0;Vinnie;Vinnie;SEASHELLS;10118.0;7
1;39750.0;Vinnie;Vinnie;SEASHELLS;10132.0;8
1;39787.0;Vinnie;Raj;SEASHELLS;10129.0;10
1;39789.0;Vinnie;Vinnie;SEASHELLS;10128.0;6
1;39792.0;Vinnie;Vinnie;SEASHELLS;10127.0;10
1;39797.0;Vinnie;Raj;SEASHELLS;10132.0;5
1;39800.0;Vinnie;Raj;SEASHELLS;10134.0;10
1;39824.0;Vinnie;Vinnie;SEASHELLS;10134.0;5
1;39827.0;Vinnie;Vinnie;SEASHELLS;10137.0;5
1;39839.0;Vinnie;Vinnie;SEASHELLS;10133.0;6
1;39868.0;Raj;Vinnie;SEASHELLS;10126.0;9
1;39873.0;Vinnie;Vinnie;SEASHELLS;10125.0;5
1;39892.0;Vinnie;Rhianna;SEASHELLS;10123.0;3
1;39924.0;Vinnie;Vinnie;SEASHELLS;10126.0;5
1;39930.0;Vinnie;Vinnie;SEASHELLS;10120.0;6
1;39967.0;Vinnie;Vinnie;SEASHELLS;10127.0;9
1;39967.0;Raj;Vinnie;SEASHELLS;10128.0;9
1;39972.0;Vinnie;Vinnie;SEASHELLS;10126.0;6
1;39996.0;Vinnie;Vinnie;SEASHELLS;10135.0;8
2;40040.0;Vinnie;Raj;SEASHELLS;10120.0;10
2;40055.0;Vinnie;Vinnie;SEASHELLS;10120.0;7
2;40093.0;Rhianna;Vinnie;SEASHELLS;10113.0;1
2;40094.0;Raj;Vinnie;SEASHELLS;10112.0;10
2;40099.0;Vinnie;Raj;SEASHELLS;10108.0;8
2;40105.0;Vinnie;Raj;SEASHELLS;10106.0;10
2;40107.0;Raj;Vinnie;SEASHELLS;10105.0;10
2;40113.0;Vinnie;Vinnie;SEASHELLS;10101.0;8
2;40118.0;Vinnie;Vinnie;SEASHELLS;10103.0;7
2;40135.0;Raj;Vinnie;SEASHELLS;10100.0;10
2;40151.0;Vinnie;Vinnie;SEASHELLS;10104.0;6
2;40204.0;Vinnie;Rhianna;SEASHELLS;10109.0;2
2;40237.0;Vinnie;Vinnie;SEASHELLS;10110.0;6
2;40281.0;Vinnie;Vinnie;SEASHELLS;10120.0;7
2;40294.0;Vinnie;Vinnie;SEASHELLS;10120.0;5
2;40300.0;Vinnie;Vinnie;SEASHELLS;10116.0;8
2;40303.0;Vinnie;Vinnie;SEASHELLS;10116.0;8
2;40329.0;Vinnie;Vinnie;SEASHELLS;10107.0;8
2;40361.0;Raj;Vinnie;SEASHELLS;10109.0;9
2;40398.0;Vinnie;Rhianna;SEASHELLS;10110.0;2
2;40417.0;Vinnie;Raj;SEASHELLS;10103.0;7
2;40423.0;Raj;Vinnie;SEASHELLS;10111.0;8
2;40435.0;Vinnie;Vinnie;SEASHELLS;10111.0;8
2;40436.0;Vinnie;Vinnie;SEASHELLS;10111.0;7
2;40449.0;Rhianna;Vinnie;SEASHELLS;10114.0;3
2;40476.0;Raj;Vinnie;SEASHELLS;10109.0;10
2;40484.0;Vinnie;Vinnie;SEASHELLS;10105.0;8
2;40486.0;Rhianna;Vinnie;SEASHELLS;10109.0;1
2;40489.0;Vinnie;Vinnie;SEASHELLS;10107.0;7
2;40494.0;Vinnie;Vinnie;SEASHELLS;10108.0;5
2;40497.0;Vinnie;Vinnie;SEASHELLS;10108.0;7
2;40501.0;Vinnie;Rhianna;SEASHELLS;10108.0;3
2;40504.0;Vinnie;Raj;SEASHELLS;10108.0;7
2;40509.0;Vinnie;Vinnie;SEASHELLS;10110.0;8
2;40545.0;Raj;Vinnie;SEASHELLS;10111.0;5
2;40559.0;Vinnie;Vinnie;SEASHELLS;10110.0;8
2;40593.0;Vinnie;Vinnie;SEASHELLS;10111.0;5
2;40596.0;Vinnie;Vinnie;SEASHELLS;10109.0;6
2;40611.0;Raj;Vinnie;SEASHELLS;10107.0;6
2;40640.0;Vinnie;Vinnie;SEASHELLS;10108.0;8
2;40648.0;Vinnie;Vinnie;SEASHELLS;10110.0;6
2;40658.0;Vinnie;Vinnie;SEASHELLS;10113.0;10
2;40675.0;Vinnie;Vinnie;SEASHELLS;10116.0;10
2;40676.0;Vinnie;Vinnie;SEASHELLS;10117.0;9
2;40677.0;Vinnie;Vinnie;SEASHELLS;10115.0;7
2;40725.0;Vinnie;Vinnie;SEASHELLS;10115.0;5
2;40745.0;Vinnie;Raj;SEASHELLS;10114.0;10
2;40756.0;Vinnie;Vinnie;SEASHELLS;10115.0;5
2;40795.0;Raj;Vinnie;SEASHELLS;10122.0;7
2;40799.0;Vinnie;Rhianna;SEASHELLS;10120.0;1
2;40824.0;Vinnie;Rhianna;SEASHELLS;10123.0;3
2;40827.0;Vinnie;Vinnie;SEASHELLS;10123.0;6
2;40860.0;Vinnie;Vinnie;SEASHELLS;10129.0;9
2;40864.0;Vinnie;Vinnie;SEASHELLS;10129.0;10
2;40871.0;Vinnie;Vinnie;SEASHELLS;10131.0;9
2;40897.0;Vinnie;Vinnie;SEASHELLS;10141.0;6
2;40905.0;Vinnie;Raj;SEASHELLS;10140.0;6
2;40909.0;Vinnie;Vinnie;SEASHELLS;10141.0;9
2;40918.0;Vinnie;Rhianna;SEASHELLS;10140.0;2
2;40927.0;Vinnie;Vinnie;SEASHELLS;10135.0;9
2;40930.0;Vinnie;Vinnie;SEASHELLS;10135.0;7
2;40930.0;Vinnie;Rhianna;SEASHELLS;10135.0;3
2;40981.0;Vinnie;Rhianna;SEASHELLS;10124.0;1
2;40983.0;Vinnie;Vinnie;SEASHELLS;10126.0;5
2;40993.0;Vinnie;Vinnie;SEASHELLS;10129.0;7
2;41000.0;Vinnie;Rhianna;SEASHELLS;10130.0;2
2;41013.0;Vinnie;Raj;SEASHELLS;10128.0;9
2;41022.0;Vinnie;Vinnie;SEASHELLS;10127.0;6
2;41064.0;Vinnie;Vinnie;SEASHELLS;10121.0;9
2;41105.0;Vinnie;Raj;SEASHELLS;10128.0;9
2;41106.0;Rhianna;Vinnie;SEASHELLS;10129.0;3
2;41116.0;Vinnie;Rhianna;SEASHELLS;10130.0;2
2;41144.0;Rhianna;Vinnie;SEASHELLS;10133.0;2
2;41147.0;Raj;Vinnie;SEASHELLS;10134.0;8
2;41158.0;Vinnie;Raj;SEASHELLS;10128.0;6
2;41165.0;Rhianna;Vinnie;SEASHELLS;10128.0;2
2;41179.0;Vinnie;Vinnie;SEASHELLS;10126.0;5
2;41203.0;Vinnie;Vinnie;SEASHELLS;10134.0;7
2;41231.0;Vinnie;Vinnie;SEASHELLS;10138.0;6
2;41236.0;Vinnie;Vinnie;SEASHELLS;10140.0;8
2;41280.0;Vinnie;Vinnie;SEASHELLS;10130.0;7
2;41305.0;Raj;Vinnie;SEASHELLS;10131.0;9
2;41327.0;Vinnie;Vinnie;SEASHELLS;10134.0;5
2;41328.0;Raj;Vinnie;SEASHELLS;10136.0;10
2;41338.0;Vinnie;Vinnie;SEASHELLS;10136.0;8
2;41355.0;Vinnie;Raj;SEASHELLS;10132.0;7
2;41368.0;Vinnie;Rhianna;SEASHELLS;10129.0;2
2;41374.0;Vinnie;Rhianna;SEASHELLS;10130.0;1
2;41392.0;Vinnie;Vinnie;SEASHELLS;10129.0;6
2;41432.0;Rhianna;Vinnie;SEASHELLS;10122.0;2
2;41433.0;Vinnie;Vinnie;SEASHELLS;10121.0;7
2;41438.0;Vinnie;Vinnie;SEASHELLS;10115.0;5
2;41439.0;Vinnie;Vinnie;SEASHELLS;10115.0;8
2;41467.0;Vinnie;Vinnie;SEASHELLS;10118.0;6
2;41468.0;Rhianna;Vinnie;SEASHELLS;10118.0;3
2;41470.0;Vinnie;Rhianna;SEASHELLS;10116.0;2
2;41485.0;Vinnie;Vinnie;SEASHELLS;10117.0;10
2;41490.0;Raj;Vinnie;SEASHELLS;10115.0;9
2;41497.0;Rhianna;Vinnie;SEASHELLS;10111.0;1
2;41497.0;Vinnie;Vinnie;SEASHELLS;10110.0;10
2;41508.0;Vinnie;Vinnie;SEASHELLS;10108.0;10
2;41511.0;Vinnie;Vinnie;SEASHELLS;10108.0;7
2;41524.0;Rhianna;Vinnie;SEASHELLS;10115.0;3
2;41535.0;Vinnie;Vinnie;SEASHELLS;10114.0;10
2;41548.0;Vinnie;Vinnie;SEASHELLS;10114.0;6
2;41581.0;Rhianna;Vinnie;SEASHELLS;10119.0;2
2;41602.0;Vinnie;Vinnie;SEASHELLS;10115.0;7
2;41630.0;Vinnie;Vinnie;SEASHELLS;10119.0;9
2;41646.0;Vinnie;Raj;SEASHELLS;10123.0;10
2;41658.0;Rhianna;Vinnie;SEASHELLS;10118.0;3
2;41667.0;Raj;Vinnie;SEASHELLS;10116.0;5
2;41684.0;Vinnie;Vinnie;SEASHELLS;10116.0;9
2;41691.0;Vinnie;Rhianna;SEASHELLS;10118.0;1
2;41763.0;Vinnie;Vinnie;SEASHELLS;10117.0;7
2;41795.0;Vinnie;Vinnie;SEASHELLS;10115.0;10
2;41826.0;Vinnie;Vinnie;SEASHELLS;10108.0;10
2;41833.0;Vinnie;Rhianna;SEASHELLS;10108.0;2
2;41841.0;Vinnie;Vinnie;SEASHELLS;10106.0;5
2;41849.0;Vinnie;Vinnie;SEASHELLS;10107.0;7
2;41850.0;Vinnie;Vinnie;SEASHELLS;10105.0;7
2;41860.0;Vinnie;Raj;SEASHELLS;10104.0;10
2;41879.0;Vinnie;Vinnie;SEASHELLS;10107.0;5
2;41889.0;Vinnie;Rhianna;SEASHELLS;10107.0;3
2;41890.0;Vinnie;Vinnie;SEASHELLS;10106.0;10
2;41896.0;Vinnie;Vinnie;SEASHELLS;10104.0;5
2;41940.0;Vinnie;Vinnie;SEASHELLS;10097.0;10
2;41945.0;Vinnie;Vinnie;SEASHELLS;10100.0;5
2;41947.0;Raj;Vinnie;SEASHELLS;10100.0;8
2;41976.0;Vinnie;Vinnie;SEASHELLS;10093.0;9
2;42008.0;Vinnie;Raj;SEASHELLS;10093.0;10
2;42008.0;Vinnie;Vinnie;SEASHELLS;10093.0;5
2;42010.0;Vinnie;Vinnie;SEASHELLS;10094.0;6
2;42012.0;Raj;Vinnie;SEASHELLS;10095.0;8
2;42022.0;Vinnie;Rhianna;SEASHELLS;10095.0;1
2;42042.0;Vinnie;Vinnie;SEASHELLS;10098.0;6
2;42058.0;Vinnie;Vinnie;SEASHELLS;10097.0;7
2;42059.0;Vinnie;Vinnie;SEASHELLS;10096.0;8
2;42096.0;Vinnie;Vinnie;SEASHELLS;10099.0;10
2;42097.0;Vinnie;Vinnie;SEASHELLS;10099.0;9
2;42098.0;Vinnie;Vinnie;SEASHELLS;10096.0;10
2;42104.0;Rhianna;Vinnie;SEASHELLS;10102.0;2
2;42114.0;Vinnie;Raj;SEASHELLS;10103.0;10
2;42135.0;Vinnie;Vinnie;SEASHELLS;10101.0;6
2;42152.0;Rhianna;Vinnie;SEASHELLS;10107.0;1
2;42160.0;Vinnie;Vinnie;SEASHELLS;10103.0;9
2;42178.0;Rhianna;Vinnie;SEASHELLS;10102.0;3
2;42194.0;Vinnie;Vinnie;SEASHELLS;10094.0;8
2;42217.0;Vinnie;Vinnie;SEASHELLS;10101.0;8
2;42224.0;Vinnie;Vinnie;SEASHELLS;10103.0;7
2;42269.0;Vinnie;Vinnie;SEASHELLS;10099.0;10
2;42282.0;Vinnie;Vinnie;SEASHELLS;10094.0;10
2;42283.0;Vinnie;Vinnie;SEASHELLS;10095.0;9
2;42321.0;Vinnie;Vinnie;SEASHELLS;10099.0;7
2;42330.0;Vinnie;Raj;SEASHELLS;10102.0;9
2;42340.0;Vinnie;Raj;SEASHELLS;10101.0;8
2;42349.0;Raj;Vinnie;SEASHELLS;10104.0;8
2;42377.0;Vinnie;Raj;SEASHELLS;10105.0;6
2;42401.0;Vinnie;Rhianna;SEASHELLS;10095.0;2
2;42419.0;Vinnie;Vinnie;SEASHELLS;10094.0;9
2;42424.0;Vinnie;Raj;SEASHELLS;10094.0;7
2;42443.0;Raj;Vinnie;SEASHELLS;10096.0;5
2;42465.0;Vinnie;Vinnie;SEASHELLS;10087.0;10
2;42469.0;Vinnie;Vinnie;SEASHELLS;10092.0;9
2;42471.0;Vinnie;Vinnie;SEASHELLS;10092.0;9
2;42493.0;Raj;Vinnie;SEASHELLS;10093.0;5
2;42494.0;Vinnie;Vinnie;SEASHELLS;10092.0;10
2;42521.0;Vinnie;Vinnie;SEASHELLS;10084.0;5
2;42527.0;Vinnie;Raj;SEASHELLS;10080.0;9
2;42532.0;Vinnie;Vinnie;SEASHELLS;10079.0;7
2;42561.0;Rhianna;Vinnie;SEASHELLS;10081.0;1
2;42571.0;Vinnie;Rhianna;SEASHELLS;10077.0;3
2;42576.0;Vinnie;Raj;SEASHELLS;10081.0;8
2;42581.0;Vinnie;Vinnie;SEASHELLS;10078.0;9
2;42588.0;Raj;Vinnie;SEASHELLS;10081.0;9
2;42591.0;Vinnie;Vinnie;SEASHELLS;10076.0;10
2;42601.0;Raj;Vinnie;SEASHELLS;10079.0;9
2;42625.0;Vinnie;Rhianna;SEASHELLS;10066.0;1
2;42632.0;Vinnie;Rhianna;SEASHELLS;10067.0;3
2;42634.0;Vinnie;Raj;SEASHELLS;10069.0;10
2;42641.0;Raj;Vinnie;SEASHELLS;10075.0;6
2;42645.0;Vinnie;Vinnie;SEASHELLS;10074.0;7
2;42659.0;Vinnie;Rhianna;SEASHELLS;10076.0;1
2;42679.0;Raj;Vinnie;SEASHELLS;10069.0;10
2;42686.0;Raj;Vinnie;SEASHELLS;10067.0;5
2;42698.0;Rhianna;Vinnie;SEASHELLS;10072.0;1
2;42719.0;Vinnie;Raj;SEASHELLS;10075.0;7
2;42734.0;Vinnie;Vinnie;SEASHELLS;10072.0;10
2;42735.0;Vinnie;Vinnie;SEASHELLS;10073.0;8
2;42751.0;Vinnie;Vinnie;SEASHELLS;10080.0;5
2;42755.0;Vinnie;Vinnie;SEASHELLS;10079.0;6
2;42784.0;Vinnie;Vinnie;SEASHELLS;10088.0;8
2;42792.0;Vinnie;Vinnie;SEASHELLS;10094.0;9
2;42814.0;Vinnie;Vinnie;SEASHELLS;10084.0;6
2;42815.0;Vinnie;Vinnie;SEASHELLS;10085.0;9
2;42856.0;Vinnie;Rhianna;SEASHELLS;10078.0;3
2;42858.0;Vinnie;Rhianna;SEASHELLS;10077.0;1
2;42868.0;Vinnie;Vinnie;SEASHELLS;10080.0;8
2;42873.0;Vinnie;Vinnie;SEASHELLS;10077.0;6
2;42877.0;Vinnie;Raj;SEASHELLS;10077.0;10
2;42885.0;Vinnie;Vinnie;SEASHELLS;10077.0;7
2;42896.0;Vinnie;Rhianna;SEASHELLS;10073.0;3
2;42904.0;Vinnie;Vinnie;SEASHELLS;10078.0;8
2;42909.0;Vinnie;Vinnie;SEASHELLS;10079.0;7
2;42914.0;Vinnie;Raj;SEASHELLS;10075.0;7
2;42931.0;Vinnie;Rhianna;SEASHELLS;10077.0;2
2;42948.0;Vinnie;Raj;SEASHELLS;10066.0;9
2;42984.0;Rhianna;Vinnie;SEASHELLS;10068.0;1
2;43006.0;Raj;Vinnie;SEASHELLS;10066.0;5
2;43043.0;Vinnie;Vinnie;SEASHELLS;10066.0;5
2;43068.0;Raj;Vinnie;SEASHELLS;10067.0;5
2;43073.0;Rhianna;Vinnie;SEASHELLS;10067.0;2
2;43080.0;Rhianna;Vinnie;SEASHELLS;10063.0;3
2;43107.0;Vinnie;Vinnie;SEASHELLS;10069.0;6
2;43129.0;Vinnie;Raj;SEASHELLS;10075.0;10
2;43151.0;Vinnie;Vinnie;SEASHELLS;10082.0;5
2;43165.0;Vinnie;Rhianna;SEASHELLS;10083.0;1
2;43170.0;Vinnie;Vinnie;SEASHELLS;10083.0;7
2;43174.0;Rhianna;Vinnie;SEASHELLS;10085.0;1
2;43182.0;Vinnie;Vinnie;SEASHELLS;10081.0;9
2;43195.0;Vinnie;Vinnie;SEASHELLS;10086.0;6
2;43207.0;Vinnie;Vinnie;SEASHELLS;10092.0;9
2;43219.0;Vinnie;Rhianna;SEASHELLS;10089.0;1
2;43240.0;Vinnie;Raj;SEASHELLS;10085.0;6
2;43258.0;Vinnie;Vinnie;SEASHELLS;10085.0;8
2;43266.0;Vinnie;Vinnie;SEASHELLS;10089.0;8
2;43273.0;Rhianna;Vinnie;SEASHELLS;10088.0;1
2;43277.0;Vinnie;Rhianna;SEASHELLS;10085.0;1
2;43280.0;Vinnie;Rhianna;SEASHELLS;10082.0;1
2;43297.0;Rhianna;Vinnie;SEASHELLS;10079.0;3
2;43344.0;Rhianna;Vinnie;SEASHELLS;10077.0;2
2;43361.0;Vinnie;Vinnie;SEASHELLS;10075.0;9
2;43393.0;Vinnie;Rhianna;SEASHELLS;10083.0;1
2;43394.0;Vinnie;Vinnie;SEASHELLS;10083.0;6
2;43453.0;Raj;Vinnie;SEASHELLS;10081.0;5
2;43465.0;Vinnie;Vinnie;SEASHELLS;10081.0;8
2;43512.0;Vinnie;Vinnie;SEASHELLS;10083.0;10
2;43541.0;Vinnie;Vinnie;SEASHELLS;10080.0;7
2;43543.0;Vinnie;Vinnie;SEASHELLS;10081.0;8
2;43554.0;Vinnie;Vinnie;SEASHELLS;10086.0;10
2;43556.0;Raj;Vinnie;SEASHELLS;10089.0;7
2;43564.0;Vinnie;Raj;SEASHELLS;10088.0;8
2;43577.0;Vinnie;Vinnie;SEASHELLS;10081.0;7
2;43582.0;Raj;Vinnie;SEASHELLS;10081.0;9
2;43590.0;Rhianna;Vinnie;SEASHELLS;10084.0;2
2;43644.0;Vinnie;Vinnie;SEASHELLS;10082.0;10
2;43667.0;Vinnie;Vinnie;SEASHELLS;10081.0;7
2;43670.0;Vinnie;Vinnie;SEASHELLS;10076.0;5
2;43680.0;Vinnie;Vinnie;SEASHELLS;10074.0;10
2;43708.0;Vinnie;Raj;SEASHELLS;10077.0;6
2;43714.0;Rhianna;Vinnie;SEASHELLS;10075.0;2
2;43719.0;Vinnie;Vinnie;SEASHELLS;10074.0;6
2;43733.0;Rhianna;Vinnie;SEASHELLS;10072.0;2
2;43734.0;Vinnie;Vinnie;SEASHELLS;10071.0;6
2;43740.0;Vinnie;Vinnie;SEASHELLS;10073.0;10
2;43745.0;Vinnie;Vinnie;SEASHELLS;10071.0;7
2;43760.0;Vinnie;Rhianna;SEASHELLS;10072.0;2
2;43792.0;Vinnie;Vinnie;SEASHELLS;10078.0;6
2;43793.0;Vinnie;Vinnie;SEASHELLS;10077.0;10
2;43795.0;Vinnie;Vinnie;SEASHELLS;10076.0;8
2;43799.0;Vinnie;Vinnie;SEASHELLS;10073.0;9
2;43814.0;Vinnie;Vinnie;SEASHELLS;10075.0;8
2;43824.0;Vinnie;Raj;SEASHELLS;10075.0;8
2;43838.0;Vinnie;Vinnie;SEASHELLS;10079.0;7
2;43862.0;Vinnie;Vinnie;SEASHELLS;10082.0;8
2;43878.0;Vinnie;Rhianna;SEASHELLS;10085.0;1
2;43899.0;Vinnie;Vinnie;SEASHELLS;10085.0;7
2;43900.0;Vinnie;Vinnie;SEASHELLS;10084.0;5
2;43907.0;Vinnie;Vinnie;SEASHELLS;10089.0;6
2;43914.0;Raj;Vinnie;SEASHELLS;10092.0;5
2;43921.0;Vinnie;Vinnie;SEASHELLS;10092.0;7
2;43923.0;Vinnie;Raj;SEASHELLS;10093.0;9
2;43929.0;Vinnie;Vinnie;SEASHELLS;10093.0;8
2;43969.0;Vinnie;Vinnie;SEASHELLS;10105.0;10
2;43984.0;Rhianna;Vinnie;SEASHELLS;10100.0;2
2;44020.0;Vinnie;Vinnie;SEASHELLS;10094.0;5
2;44024.0;Vinnie;Vinnie;SEASHELLS;10096.0;8
2;44026.0;Vinnie;Vinnie;SEASHELLS;10098.0;6
2;44056.0;Vinnie;Vinnie;SEASHELLS;10103.0;7
2;44058.0;Vinnie;Vinnie;SEASHELLS;10100.0;5
2;44059.0;Vinnie;Vinnie;SEASHELLS;10100.0;8
2;44069.0;Vinnie;Vinnie;SEASHELLS;10103.0;10
2;44109.0;Vinnie;Vinnie;SEASHELLS;10113.0;10
2;44110.0;Raj;Vinnie;SEASHELLS;10115.0;8
2;44183.0;Vinnie;Vinnie;SEASHELLS;10118.0;8
2;44201.0;Vinnie;Vinnie;SEASHELLS;10110.0;10
2;44207.0;Vinnie;Vinnie;SEASHELLS;10108.0;8
2;44245.0;Raj;Vinnie;SEASHELLS;10109.0;10
2;44260.0;Vinnie;Vinnie;SEASHELLS;10103.0;5
2;44267.0;Vinnie;Vinnie;SEASHELLS;10105.0;5
2;44278.0;Vinnie;Vinnie;SEASHELLS;10107.0;8
2;44281.0;Vinnie;Vinnie;SEASHELLS;10103.0;9
2;44317.0;Vinnie;Vinnie;SEASHELLS;10104.0;7
2;44328.0;Rhianna;Vinnie;SEASHELLS;10104.0;3
2;44334.0;Raj;Vinnie;SEASHELLS;10106.0;8
2;44361.0;Vinnie;Vinnie;SEASHELLS;10104.0;9
2;44365.0;Rhianna;Vinnie;SEASHELLS;10107.0;1
2;44383.0;Vinnie;Vinnie;SEASHELLS;10097.0;9
2;44389.0;Vinnie;Vinnie;SEASHELLS;10096.0;9
2;44403.0;Vinnie;Vinnie;SEASHELLS;10096.0;7
2;44414.0;Raj;Vinnie;SEASHELLS;10096.0;5
2;44421.0;Raj;Vinnie;SEASHELLS;10096.0;7
2;44435.0;Vinnie;Raj;SEASHELLS;10093.0;8
2;44439.0;Vinnie;Vinnie;SEASHELLS;10094.0;7
2;44492.0;Vinnie;Rhianna;SEASHELLS;10097.0;2
2;44511.0;Vinnie;Vinnie;SEASHELLS;10091.0;5
2;44544.0;Rhianna;Vinnie;SEASHELLS;10093.0;1
2;44603.0;Raj;Vinnie;SEASHELLS;10078.0;5
2;44647.0;Rhianna;Vinnie;SEASHELLS;10081.0;3
2;44651.0;Vinnie;Vinnie;SEASHELLS;10080.0;5
2;44657.0;Rhianna;Vinnie;SEASHELLS;10081.0;2
2;44710.0;Vinnie;Vinnie;SEASHELLS;10083.0;9
2;44727.0;Raj;Vinnie;SEASHELLS;10081.0;5
2;44745.0;Vinnie;Vinnie;SEASHELLS;10081.0;9
2;44752.0;Raj;Vinnie;SEASHELLS;10077.0;6
2;44754.0;Vinnie;Vinnie;SEASHELLS;10075.0;10
2;44756.0;Vinnie;Vinnie;SEASHELLS;10075.0;10
2;44768.0;Vinnie;Rhianna;SEASHELLS;10077.0;1
2;44770.0;Vinnie;Raj;SEASHELLS;10078.0;9
2;44771.0;Vinnie;Vinnie;SEASHELLS;10077.0;10
2;44775.0;Vinnie;Vinnie;SEASHELLS;10076.0;7
2;44787.0;Vinnie;Vinnie;SEASHELLS;10079.0;5
2;44795.0;Vinnie;Vinnie;SEASHELLS;10082.0;6
2;44798.0;Raj;Vinnie;SEASHELLS;10084.0;10
2;44830.0;Vinnie;Vinnie;SEASHELLS;10084.0;8
2;44846.0;Vinnie;Vinnie;SEASHELLS;10082.0;10
2;44858.0;Vinnie;Vinnie;SEASHELLS;10078.0;7
2;44888.0;Vinnie;Raj;SEASHELLS;10074.0;8
2;44898.0;Vinnie;Vinnie;SEASHELLS;10079.0;10
2;44900.0;Vinnie;Vinnie;SEASHELLS;10079.0;8
2;44908.0;Vinnie;Vinnie;SEASHELLS;10083.0;5
2;44937.0;Vinnie;Vinnie;SEASHELLS;10088.0;5
2;44968.0;Vinnie;Vinnie;SEASHELLS;10082.0;10
2;44972.0;Vinnie;Vinnie;SEASHELLS;10083.0;5
2;45034.0;Raj;Vinnie;SEASHELLS;10082.0;6
2;45087.0;Vinnie;Raj;SEASHELLS;10081.0;7
2;45089.0;Vinnie;Raj;SEASHELLS;10078.0;7
2;45089.0;Vinnie;Vinnie;SEASHELLS;10078.0;9
2;45130.0;Vinnie;Vinnie;SEASHELLS;10071.0;10
2;45137.0;Vinnie;Raj;SEASHELLS;10073.0;9
2;45148.0;Vinnie;Vinnie;SEASHELLS;10070.0;7
2;45153.0;Raj;Vinnie;SEASHELLS;10070.0;5
2;45210.0;Vinnie;Rhianna;SEASHELLS;10073.0;1
2;45219.0;Vinnie;Vinnie;SEASHELLS;10073.0;10
2;45224.0;Vinnie;Vinnie;SEASHELLS;10071.0;5
2;45248.0;Vinnie;Vinnie;SEASHELLS;10070.0;7
2;45272.0;Vinnie;Vinnie;SEASHELLS;10075.0;9
2;45283.0;Vinnie;Vinnie;SEASHELLS;10074.0;7
2;45300.0;Vinnie;Vinnie;SEASHELLS;10068.0;10
2;45302.0;Vinnie;Vinnie;SEASHELLS;10069.0;10
2;45321.0;Vinnie;Vinnie;SEASHELLS;10078.0;9
2;45322.0;Raj;Vinnie;SEASHELLS;10080.0;6
2;45368.0;Vinnie;Vinnie;SEASHELLS;10084.0;6
2;45369.0;Vinnie;Vinnie;SEASHELLS;10083.0;8
2;45411.0;Vinnie;Raj;SEASHELLS;10089.0;9
2;45420.0;Vinnie;Rhianna;SEASHELLS;10085.0;2
2;45430.0;Vinnie;Rhianna;SEASHELLS;10082.0;2
2;45432.0;Raj;Vinnie;SEASHELLS;10082.0;5
2;45439.0;Vinnie;Vinnie;SEASHELLS;10081.0;8
2;45453.0;Vinnie;Vinnie;SEASHELLS;10084.0;5
2;45473.0;Vinnie;Raj;SEASHELLS;10079.0;8
2;45488.0;Vinnie;Rhianna;SEASHELLS;10080.0;1
2;45499.0;Vinnie;Vinnie;SEASHELLS;10079.0;6
2;45547.0;Vinnie;Rhianna;SEASHELLS;10080.0;2
2;45558.0;Vinnie;Vinnie;SEASHELLS;10079.0;9
2;45577.0;Vinnie;Rhianna;SEASHELLS;10077.0;2
2;45598.0;Vinnie;Vinnie;SEASHELLS;10073.0;5
2;45608.0;Vinnie;Vinnie;SEASHELLS;10077.0;6
2;45608.0;Raj;Vinnie;SEASHELLS;10079.0;7
2;45611.0;Vinnie;Vinnie;SEASHELLS;10077.0;7
2;45612.0;Vinnie;Vinnie;SEASHELLS;10076.0;6
2;45625.0;Vinnie;Vinnie;SEASHELLS;10079.0;9
2;45635.0;Vinnie;Vinnie;SEASHELLS;10084.0;5
2;45641.0;Vinnie;Vinnie;SEASHELLS;10086.0;10
2;45650.0;Vinnie;Vinnie;SEASHELLS;10088.0;8
2;45651.0;Vinnie;Vinnie;SEASHELLS;10087.0;9
2;45677.0;Vinnie;Vinnie;SEASHELLS;10087.0;7
2;45681.0;Vinnie;Raj;SEASHELLS;10088.0;8
2;45708.0;Vinnie;Rhianna;SEASHELLS;10086.0;3
2;45722.0;Vinnie;Vinnie;SEASHELLS;10080.0;9
2;45741.0;Vinnie;Raj;SEASHELLS;10081.0;9
2;45757.0;Rhianna;Vinnie;SEASHELLS;10076.0;2
2;45767.0;Vinnie;Raj;SEASHELLS;10072.0;5
2;45769.0;Vinnie;Vinnie;SEASHELLS;10070.0;6
2;45773.0;Vinnie;Vinnie;SEASHELLS;10071.0;10
2;45785.0;Vinnie;Vinnie;SEASHELLS;10067.0;6
2;45797.0;Vinnie;Raj;SEASHELLS;10069.0;9
2;45809.0;Vinnie;Vinnie;SEASHELLS;10061.0;7
2;45840.0;Vinnie;Vinnie;SEASHELLS;10062.0;5
2;45842.0;Vinnie;Vinnie;SEASHELLS;10061.0;9
2;45844.0;Vinnie;Vinnie;SEASHELLS;10060.0;8
2;45918.0;Vinnie;Vinnie;SEASHELLS;10058.0;8
2;45927.0;Vinnie;Vinnie;SEASHELLS;10058.0;10
2;45938.0;Vinnie;Vinnie;SEASHELLS;10061.0;9
2;45980.0;Vinnie;Rhianna;SEASHELLS;10058.0;2
2;46009.0;Vinnie;Vinnie;SEASHELLS;10053.0;5
2;46019.0;Vinnie;Vinnie;SEASHELLS;10050.0;8
2;46019.0;Raj;Vinnie;SEASHELLS;10051.0;7
2;46047.0;Vinnie;Vinnie;SEASHELLS;10049.0;7
2;46050.0;Vinnie;Rhianna;SEASHELLS;10051.0;3
2;46058.0;Vinnie;Vinnie;SEASHELLS;10050.0;7
2;46073.0;Rhianna;Vinnie;SEASHELLS;10055.0;2
2;46086.0;Raj;Vinnie;SEASHELLS;10060.0;7
2;46099.0;Vinnie;Vinnie;SEASHELLS;10059.0;7
2;46102.0;Vinnie;Vinnie;SEASHELLS;10060.0;8
2;46109.0;Vinnie;Vinnie;SEASHELLS;10060.0;8
2;46139.0;Vinnie;Rhianna;SEASHELLS;10053.0;3
2;46140.0;Vinnie;Vinnie;SEASHELLS;10055.0;6
2;46141.0;Raj;Vinnie;SEASHELLS;10056.0;7
2;46148.0;Rhianna;Vinnie;SEASHELLS;10056.0;1
2;46176.0;Raj;Vinnie;SEASHELLS;10050.0;10
2;46194.0;Vinnie;Vinnie;SEASHELLS;10048.0;8
2;46200.0;Vinnie;Raj;SEASHELLS;10046.0;5
2;46221.0;Vinnie;Vinnie;SEASHELLS;10040.0;6
2;46224.0;Vinnie;Vinnie;SEASHELLS;10042.0;8
2;46231.0;Vinnie;Vinnie;SEASHELLS;10040.0;5
2;46231.0;Vinnie;Raj;SEASHELLS;10040.0;5
2;46241.0;Vinnie;Rhianna;SEASHELLS;10038.0;2
2;46262.0;Vinnie;Vinnie;SEASHELLS;10036.0;6
2;46267.0;Vinnie;Vinnie;SEASHELLS;10036.0;9
2;46270.0;Vinnie;Raj;SEASHELLS;10031.0;6
2;46302.0;Vinnie;Vinnie;SEASHELLS;10044.0;5
2;46315.0;Vinnie;Vinnie;SEASHELLS;10040.0;8
2;46323.0;Rhianna;Vinnie;SEASHELLS;10036.0;1
2;46336.0;Vinnie;Vinnie;SEASHELLS;10035.0;8
2;46340.0;Vinnie;Vinnie;SEASHELLS;10036.0;10
2;46341.0;Vinnie;Vinnie;SEASHELLS;10036.0;7
2;46361.0;Vinnie;Rhianna;SEASHELLS;10038.0;1
2;46362.0;Raj;Vinnie;SEASHELLS;10040.0;8
2;46404.0;Vinnie;Rhianna;SEASHELLS;10047.0;2
2;46442.0;Vinnie;Vinnie;SEASHELLS;10048.0;6
2;46478.0;Vinnie;Vinnie;SEASHELLS;10045.0;5
2;46484.0;Raj;Vinnie;SEASHELLS;10047.0;8
2;46489.0;Vinnie;Vinnie;SEASHELLS;10046.0;9
2;46491.0;Vinnie;Vinnie;SEASHELLS;10047.0;5
2;46495.0;Vinnie;Vinnie;SEASHELLS;10049.0;9
2;46498.0;Vinnie;Raj;SEASHELLS;10050.0;6
2;46513.0;Vinnie;Vinnie;SEASHELLS;10050.0;7
2;46541.0;Rhianna;Vinnie;SEASHELLS;10046.0;2
2;46541.0;Vinnie;Vinnie;SEASHELLS;10046.0;4
2;46550.0;Vinnie;Vinnie;SEASHELLS;10044.0;8
2;46582.0;Rhianna;Vinnie;SEASHELLS;10046.0;3
2;46626.0;Vinnie;Vinnie;SEASHELLS;10035.0;9
2;46647.0;Vinnie;Vinnie;SEASHELLS;10031.0;10
2;46654.0;Rhianna;Vinnie;SEASHELLS;10031.0;3
2;46689.0;Vinnie;Raj;SEASHELLS;10032.0;10
2;46690.0;Vinnie;Vinnie;SEASHELLS;10032.0;7
2;46692.0;Vinnie;Rhianna;SEASHELLS;10033.0;1
2;46711.0;Rhianna;Vinnie;SEASHELLS;10024.0;3
2;46733.0;Vinnie;Vinnie;SEASHELLS;10020.0;5
2;46749.0;Vinnie;Vinnie;SEASHELLS;10019.0;5
2;46763.0;Rhianna;Vinnie;SEASHELLS;10018.0;2
2;46774.0;Vinnie;Vinnie;SEASHELLS;10020.0;10
2;46779.0;Vinnie;Vinnie;SEASHELLS;10021.0;8
2;46793.0;Vinnie;Raj;SEASHELLS;10021.0;8
2;46829.0;Vinnie;Vinnie;SEASHELLS;10014.0;8
2;46835.0;Vinnie;Raj;SEASHELLS;10010.0;6
2;46836.0;Vinnie;Vinnie;SEASHELLS;10009.0;5
2;46850.0;Vinnie;Raj;SEASHELLS;10009.0;9
2;46851.0;Vinnie;Vinnie;SEASHELLS;10010.0;5
2;46864.0;Vinnie;Vinnie;SEASHELLS;10010.0;9
2;46867.0;Rhianna;Vinnie;SEASHELLS;10013.0;1
2;46880.0;Vinnie;Vinnie;SEASHELLS;10009.0;9
2;46970.0;Vinnie;Vinnie;SEASHELLS;10025.0;9
2;47041.0;Raj;Vinnie;SEASHELLS;10026.0;8
2;47044.0;Vinnie;Raj;SEASHELLS;10026.0;10
2;47050.0;Vinnie;Vinnie;SEASHELLS;10027.0;9
2;47091.0;Raj;Vinnie;SEASHELLS;10032.0;9
2;47128.0;Vinnie;Vinnie;SEASHELLS;10023.0;6
2;47133.0;Vinnie;Vinnie;SEASHELLS;10022.0;6
2;47143.0;Vinnie;Vinnie;SEASHELLS;10022.0;8
2;47154.0;Vinnie;Vinnie;SEASHELLS;10019.0;5
2;47163.0;Vinnie;Vinnie;SEASHELLS;10017.0;10
2;47167.0;Vinnie;Rhianna;SEASHELLS;10019.0;3
2;47180.0;Vinnie;Vinnie;SEASHELLS;10021.0;7
2;47183.0;Vinnie;Vinnie;SEASHELLS;10025.0;7
2;47184.0;Raj;Vinnie;SEASHELLS;10026.0;10
2;47184.0;Vinnie;Vinnie;SEASHELLS;10025.0;8
2;47195.0;Vinnie;Vinnie;SEASHELLS;10025.0;9
2;47199.0;Rhianna;Vinnie;SEASHELLS;10024.0;1
2;47222.0;Vinnie;Vinnie;SEASHELLS;10031.0;6
2;47226.0;Vinnie;Vinnie;SEASHELLS;10029.0;9
2;47230.0;Rhianna;Vinnie;SEASHELLS;10031.0;1
2;47235.0;Vinnie;Vinnie;SEASHELLS;10032.0;8
2;47238.0;Vinnie;Vinnie;SEASHELLS;10033.0;6
2;47240.0;Vinnie;Raj;SEASHELLS;10033.0;9
2;47254.0;Vinnie;Raj;SEASHELLS;10035.0;8
2;47279.0;Vinnie;Vinnie;SEASHELLS;10029.0;7
2;47295.0;Vinnie;Raj;SEASHELLS;10038.0;5
2;47317.0;Vinnie;Raj;SEASHELLS;10040.0;7
2;47415.0;Vinnie;Vinnie;SEASHELLS;10028.0;8
2;47439.0;Vinnie;Vinnie;SEASHELLS;10030.0;10
2;47446.0;Vinnie;Vinnie;SEASHELLS;10029.0;9
2;47461.0;Raj;Vinnie;SEASHELLS;10027.0;5
2;47497.0;Raj;Vinnie;SEASHELLS;10033.0;10
2;47522.0;Rhianna;Vinnie;SEASHELLS;10039.0;2
2;47523.0;Vinnie;Vinnie;SEASHELLS;10038.0;5
2;47548.0;Vinnie;Vinnie;SEASHELLS;10030.0;7
2;47554.0;Raj;Vinnie;SEASHELLS;10029.0;7
2;47556.0;Vinnie;Vinnie;SEASHELLS;10028.0;7
2;47571.0;Rhianna;Vinnie;SEASHELLS;10033.0;2
2;47600.0;Vinnie;Vinnie;SEASHELLS;10035.0;10
2;47618.0;Vinnie;Vinnie;SEASHELLS;10034.0;8
2;47620.0;Vinnie;Vinnie;SEASHELLS;10034.0;6
2;47625.0;Vinnie;Raj;SEASHELLS;10036.0;10
2;47636.0;Vinnie;Vinnie;SEASHELLS;10033.0;6
2;47664.0;Vinnie;Vinnie;SEASHELLS;10043.0;8
2;47665.0;Vinnie;Raj;SEASHELLS;10044.0;8
2;47678.0;Vinnie;Vinnie;SEASHELLS;10038.0;7
2;47680.0;Vinnie;Raj;SEASHELLS;10038.0;8
2;47690.0;Raj;Vinnie;SEASHELLS;10036.0;5
2;47709.0;Raj;Vinnie;SEASHELLS;10034.0;9
2;47727.0;Vinnie;Vinnie;SEASHELLS;10031.0;10
2;47743.0;Rhianna;Vinnie;SEASHELLS;10031.0;2
2;47777.0;Vinnie;Vinnie;SEASHELLS;10026.0;8
2;47779.0;Vinnie;Vinnie;SEASHELLS;10028.0;10
2;47874.0;Vinnie;Vinnie;SEASHELLS;10026.0;7
2;47914.0;Vinnie;Rhianna;SEASHELLS;10018.0;2
2;47919.0;Vinnie;Rhianna;SEASHELLS;10016.0;3
2;47932.0;Vinnie;Vinnie;SEASHELLS;10015.0;8
2;47935.0;Vinnie;Vinnie;SEASHELLS;10013.0;10
2;47957.0;Vinnie;Vinnie;SEASHELLS;10016.0;9
2;47966.0;Rhianna;Vinnie;SEASHELLS;10021.0;3
2;47975.0;Vinnie;Vinnie;SEASHELLS;10019.0;10
2;48054.0;Raj;Vinnie;SEASHELLS;10018.0;8
2;48055.0;Vinnie;Rhianna;SEASHELLS;10016.0;2
2;48076.0;Vinnie;Vinnie;SEASHELLS;10014.0;7
2;48088.0;Vinnie;Vinnie;SEASHELLS;10021.0;6
2;48089.0;Vinnie;Vinnie;SEASHELLS;10021.0;10
2;48097.0;Rhianna;Vinnie;SEASHELLS;10024.0;3
2;48143.0;Vinnie;Vinnie;SEASHELLS;10021.0;7
2;48154.0;Vinnie;Vinnie;SEASHELLS;10020.0;5
2;48199.0;Vinnie;Vinnie;SEASHELLS;10022.0;6
2;48212.0;Vinnie;Raj;SEASHELLS;10013.0;6
2;48223.0;Vinnie;Vinnie;SEASHELLS;10010.0;6
2;48232.0;Vinnie;Raj;SEASHELLS;10009.0;5
2;48272.0;Vinnie;Rhianna;SEASHELLS;10010.0;3
2;48288.0;Rhianna;Vinnie;SEASHELLS;10007.0;1
2;48308.0;Raj;Vinnie;SEASHELLS;10010.0;9
2;48342.0;Vinnie;Vinnie;SEASHELLS;10019.0;10
2;48396.0;Vinnie;Vinnie;SEASHELLS;10021.0;7
2;48404.0;Vinnie;Vinnie;SEASHELLS;10021.0;8
2;48405.0;Raj;Vinnie;SEASHELLS;10024.0;8
2;48418.0;Vinnie;Vinnie;SEASHELLS;10026.0;6
2;48424.0;Vinnie;Rhianna;SEASHELLS;10027.0;2
2;48464.0;Vinnie;Rhianna;SEASHELLS;10023.0;2
2;48464.0;Vinnie;Raj;SEASHELLS;10023.0;6
2;48479.0;Vinnie;Vinnie;SEASHELLS;10024.0;9
2;48481.0;Vinnie;Vinnie;SEASHELLS;10025.0;6
2;48496.0;Vinnie;Vinnie;SEASHELLS;10025.0;8
2;48505.0;Vinnie;Rhianna;SEASHELLS;10027.0;1
2;48519.0;Vinnie;Vinnie;SEASHELLS;10027.0;9
2;48522.0;Vinnie;Vinnie;SEASHELLS;10027.0;7
2;48529.0;Vinnie;Raj;SEASHELLS;10028.0;7
2;48532.0;Vinnie;Vinnie;SEASHELLS;10026.0;5
2;48548.0;Vinnie;Vinnie;SEASHELLS;10028.0;9
2;48572.0;Vinnie;Vinnie;SEASHELLS;10025.0;7
2;48579.0;Vinnie;Vinnie;SEASHELLS;10025.0;6
2;48580.0;Vinnie;Vinnie;SEASHELLS;10025.0;7
2;48606.0;Vinnie;Vinnie;SEASHELLS;10031.0;7
2;48659.0;Vinnie;Vinnie;SEASHELLS;10041.0;7
2;48710.0;Vinnie;Vinnie;SEASHELLS;10031.0;7
2;48735.0;Vinnie;Vinnie;SEASHELLS;10036.0;9
2;48746.0;Vinnie;Vinnie;SEASHELLS;10033.0;6
2;48775.0;Vinnie;Vinnie;SEASHELLS;10035.0;7
2;48812.0;Vinnie;Raj;SEASHELLS;10032.0;8
2;48836.0;Vinnie;Vinnie;SEASHELLS;10038.0;6
2;48845.0;Vinnie;Vinnie;SEASHELLS;10043.0;6
2;48855.0;Raj;Vinnie;SEASHELLS;10043.0;9
2;48886.0;Rhianna;Vinnie;SEASHELLS;10032.0;3
2;48886.0;Vinnie;Vinnie;SEASHELLS;10031.0;10
2;48923.0;Vinnie;Vinnie;SEASHELLS;10023.0;8
2;48935.0;Vinnie;Vinnie;SEASHELLS;10025.0;8
2;48945.0;Vinnie;Vinnie;SEASHELLS;10028.0;6
2;48948.0;Raj;Vinnie;SEASHELLS;10032.0;10
2;48986.0;Vinnie;Vinnie;SEASHELLS;10032.0;7
2;48991.0;Vinnie;Vinnie;SEASHELLS;10033.0;8
2;49051.0;Raj;Vinnie;SEASHELLS;10039.0;5
2;49070.0;Vinnie;Vinnie;SEASHELLS;10033.0;10
2;49074.0;Raj;Vinnie;SEASHELLS;10034.0;8
2;49089.0;Vinnie;Raj;SEASHELLS;10034.0;10
2;49100.0;Rhianna;Vinnie;SEASHELLS;10034.0;3
2;49114.0;Vinnie;Vinnie;SEASHELLS;10032.0;8
2;49130.0;Vinnie;Vinnie;SEASHELLS;10024.0;9
2;49215.0;Vinnie;Vinnie;SEASHELLS;10028.0;9
2;49217.0;Vinnie;Vinnie;SEASHELLS;10028.0;7
2;49220.0;Vinnie;Raj;SEASHELLS;10026.0;7
2;49229.0;Vinnie;Vinnie;SEASHELLS;10023.0;6
2;49253.0;Vinnie;Vinnie;SEASHELLS;10030.0;9
2;49272.0;Vinnie;Vinnie;SEASHELLS;10033.0;5
2;49273.0;Raj;Vinnie;SEASHELLS;10035.0;10
2;49283.0;Vinnie;Vinnie;SEASHELLS;10033.0;7
2;49295.0;Vinnie;Vinnie;SEASHELLS;10036.0;10
2;49317.0;Vinnie;Vinnie;SEASHELLS;10035.0;10
2;49319.0;Vinnie;Vinnie;SEASHELLS;10035.0;6
2;49350.0;Vinnie;Vinnie;SEASHELLS;10033.0;5
2;49373.0;Vinnie;Vinnie;SEASHELLS;10024.0;7
2;49379.0;Vinnie;Vinnie;SEASHELLS;10020.0;10
2;49384.0;Vinnie;Vinnie;SEASHELLS;10021.0;10
2;49387.0;Raj;Vinnie;SEASHELLS;10024.0;10
2;49397.0;Vinnie;Raj;SEASHELLS;10019.0;9
2;49446.0;Vinnie;Vinnie;SEASHELLS;10024.0;7
2;49450.0;Raj;Vinnie;SEASHELLS;10027.0;8
2;49462.0;Vinnie;Vinnie;SEASHELLS;10028.0;10
2;49469.0;Vinnie;Rhianna;SEASHELLS;10028.0;2
2;49470.0;Vinnie;Raj;SEASHELLS;10026.0;6
2;49479.0;Rhianna;Vinnie;SEASHELLS;10024.0;1
2;49480.0;Rhianna;Vinnie;SEASHELLS;10026.0;2
2;49487.0;Vinnie;Vinnie;SEASHELLS;10025.0;6
2;49491.0;Vinnie;Vinnie;SEASHELLS;10027.0;10
2;49522.0;Vinnie;Vinnie;SEASHELLS;10019.0;9
2;49539.0;Vinnie;Vinnie;SEASHELLS;10009.0;7
2;49567.0;Vinnie;Raj;SEASHELLS;10012.0;7
2;49590.0;Vinnie;Vinnie;SEASHELLS;10003.0;5
2;49595.0;Vinnie;Vinnie;SEASHELLS;10003.0;7
2;49611.0;Vinnie;Vinnie;SEASHELLS;10001.0;7
2;49624.0;Vinnie;Rhianna;SEASHELLS;10002.0;3
2;49652.0;Vinnie;Vinnie;SEASHELLS;9991.0;8
2;49655.0;Vinnie;Vinnie;SEASHELLS;9988.0;8
2;49663.0;Vinnie;Rhianna;SEASHELLS;9984.0;3
2;49663.0;Vinnie;Vinnie;SEASHELLS;9984.0;10
2;49692.0;Rhianna;Vinnie;SEASHELLS;9988.0;1
2;49718.0;Vinnie;Vinnie;SEASHELLS;9988.0;10
2;49720.0;Vinnie;Vinnie;SEASHELLS;9989.0;7
2;49728.0;Vinnie;Vinnie;SEASHELLS;9986.0;6
2;49766.0;Vinnie;Vinnie;SEASHELLS;9984.0;9
2;49769.0;Raj;Vinnie;SEASHELLS;9984.0;6
2;49772.0;Vinnie;Vinnie;SEASHELLS;9983.0;7
2;49816.0;Raj;Vinnie;SEASHELLS;9973.0;6
2;49824.0;Vinnie;Vinnie;SEASHELLS;9971.0;7
2;49828.0;Vinnie;Raj;SEASHELLS;9974.0;8
2;49830.0;Rhianna;Vinnie;SEASHELLS;9975.0;2
2;49837.0;Vinnie;Vinnie;SEASHELLS;9978.0;6
2;49850.0;Vinnie;Vinnie;SEASHELLS;9975.0;5
2;49868.0;Raj;Vinnie;SEASHELLS;9981.0;8
2;49893.0;Vinnie;Rhianna;SEASHELLS;9978.0;3
2;49914.0;Vinnie;Raj;SEASHELLS;9977.0;5
2;49930.0;Vinnie;Vinnie;SEASHELLS;9979.0;9
2;49933.0;Vinnie;Vinnie;SEASHELLS;9977.0;6
2;49950.0;Vinnie;Vinnie;SEASHELLS;9983.0;5
2;49959.0;Vinnie;Vinnie;SEASHELLS;9983.0;8
2;49964.0;Vinnie;Vinnie;SEASHELLS;9983.0;6
2;49981.0;Vinnie;Rhianna;SEASHELLS;9990.0;2
2;49989.0;Vinnie;Raj;SEASHELLS;9985.0;5
3;50018.0;Vinnie;Rhianna;SEASHELLS;9983.0;2
3;50020.0;Vinnie;Vinnie;SEASHELLS;9982.0;9
3;50027.0;Vinnie;Vinnie;SEASHELLS;9985.0;5
3;50060.0;Vinnie;Raj;SEASHELLS;9978.0;5
3;50076.0;Vinnie;Raj;SEASHELLS;9978.0;6
3;50116.0;Raj;Vinnie;SEASHELLS;9972.0;8
3;50119.0;Vinnie;Vinnie;SEASHELLS;9973.0;5
3;50130.0;Vinnie;Vinnie;SEASHELLS;9976.0;10
3;50134.0;Rhianna;Vinnie;SEASHELLS;9975.0;3
3;50147.0;Vinnie;Vinnie;SEASHELLS;9976.0;6
3;50229.0;Rhianna;Vinnie;SEASHELLS;9969.0;3
3;50243.0;Vinnie;Vinnie;SEASHELLS;9967.0;10
3;50256.0;Vinnie;Vinnie;SEASHELLS;9966.0;10
3;50274.0;Rhianna;Vinnie;SEASHELLS;9970.0;2
3;50307.0;Vinnie;Vinnie;SEASHELLS;9963.0;8
3;50317.0;Raj;Vinnie;SEASHELLS;9964.0;5
3;50321.0;Vinnie;Vinnie;SEASHELLS;9962.0;5
3;50330.0;Vinnie;Vinnie;SEASHELLS;9963.0;8
3;50334.0;Rhianna;Vinnie;SEASHELLS;9966.0;1
3;50344.0;Rhianna;Vinnie;SEASHELLS;9973.0;3
3;50365.0;Vinnie;Rhianna;SEASHELLS;9970.0;1
3;50376.0;Vinnie;Vinnie;SEASHELLS;9967.0;10
3;50383.0;Vinnie;Vinnie;SEASHELLS;9967.0;9
3;50385.0;Vinnie;Vinnie;SEASHELLS;9966.0;5
3;50413.0;Vinnie;Rhianna;SEASHELLS;9957.0;3
3;50421.0;Raj;Vinnie;SEASHELLS;9959.0;7
3;50433.0;Vinnie;Vinnie;SEASHELLS;9957.0;7
3;50441.0;Vinnie;Raj;SEASHELLS;9956.0;9
3;50467.0;Vinnie;Vinnie;SEASHELLS;9948.0;5
3;50482.0;Rhianna;Vinnie;SEASHELLS;9953.0;3
3;50503.0;Raj;Vinnie;SEASHELLS;9955.0;6
3;50506.0;Vinnie;Vinnie;SEASHELLS;9957.0;6
3;50529.0;Raj;Vinnie;SEASHELLS;9961.0;6
3;50530.0;Vinnie;Vinnie;SEASHELLS;9959.0;7
3;50530.0;Vinnie;Raj;SEASHELLS;9959.0;9
3;50534.0;Vinnie;Vinnie;SEASHELLS;9956.0;6
3;50544.0;Vinnie;Vinnie;SEASHELLS;9960.0;7
3;50556.0;Vinnie;Vinnie;SEASHELLS;9960.0;6
3;50576.0;Rhianna;Vinnie;SEASHELLS;9956.0;3
3;50590.0;Vinnie;Vinnie;SEASHELLS;9954.0;6
3;50594.0;Vinnie;Vinnie;SEASHELLS;9953.0;5
3;50594.0;Vinnie;Rhianna;SEASHELLS;9953.0;1
3;50617.0;Vinnie;Vinnie;SEASHELLS;9954.0;7
3;50627.0;Vinnie;Raj;SEASHELLS;9951.0;9
3;50646.0;Vinnie;Vinnie;SEASHELLS;9952.0;9
3;50702.0;Vinnie;Vinnie;SEASHELLS;9946.0;5
3;50704.0;Vinnie;Rhianna;SEASHELLS;9945.0;2
3;50714.0;Vinnie;Vinnie;SEASHELLS;9941.0;6
3;50727.0;Vinnie;Vinnie;SEASHELLS;9938.0;9
3;50737.0;Vinnie;Vinnie;SEASHELLS;9943.0;10
3;50808.0;Vinnie;Raj;SEASHELLS;9935.0;5
3;50815.0;Rhianna;Vinnie;SEASHELLS;9935.0;1
3;50855.0;Vinnie;Raj;SEASHELLS;9941.0;9
3;50885.0;Rhianna;Vinnie;SEASHELLS;9946.0;2
3;50914.0;Vinnie;Vinnie;SEASHELLS;9937.0;10
3;50920.0;Vinnie;Rhianna;SEASHELLS;9938.0;2
3;50925.0;Raj;Vinnie;SEASHELLS;9941.0;10
3;50976.0;Vinnie;Rhianna;SEASHELLS;9956.0;3
3;50980.0;Vinnie;Vinnie;SEASHELLS;9960.0;7
3;50987.0;Vinnie;Vinnie;SEASHELLS;9959.0;7
3;50991.0;Vinnie;Vinnie;SEASHELLS;9959.0;10
3;50999.0;Vinnie;Vinnie;SEASHELLS;9963.0;8
3;51016.0;Vinnie;Rhianna;SEASHELLS;9965.0;2
3;51027.0;Vinnie;Vinnie;SEASHELLS;9963.0;6
3;51042.0;Vinnie;Vinnie;SEASHELLS;9967.0;10
3;51068.0;Raj;Vinnie;SEASHELLS;9966.0;10
3;51086.0;Raj;Vinnie;SEASHELLS;9963.0;6
3;51086.0;Vinnie;Vinnie;SEASHELLS;9962.0;6
3;51091.0;Vinnie;Vinnie;SEASHELLS;9964.0;5
3;51121.0;Vinnie;Vinnie;SEASHELLS;9965.0;8
3;51126.0;Rhianna;Vinnie;SEASHELLS;9966.0;3
3;51143.0;Raj;Vinnie;SEASHELLS;9960.0;8
3;51150.0;Rhianna;Vinnie;SEASHELLS;9955.0;2
3;51174.0;Vinnie;Rhianna;SEASHELLS;9946.0;1
3;51201.0;Vinnie;Vinnie;SEASHELLS;9931.0;5
3;51205.0;Vinnie;Vinnie;SEASHELLS;9934.0;9
3;51211.0;Vinnie;Vinnie;SEASHELLS;9934.0;10
3;51224.0;Vinnie;Vinnie;SEASHELLS;9930.0;7
3;51247.0;Vinnie;Vinnie;SEASHELLS;9930.0;9
3;51255.0;Vinnie;Vinnie;SEASHELLS;9929.0;9
3;51258.0;Vinnie;Vinnie;SEASHELLS;9926.0;9
3;51277.0;Raj;Vinnie;SEASHELLS;9930.0;7
3;51288.0;Vinnie;Rhianna;SEASHELLS;9923.0;3
3;51295.0;Vinnie;Vinnie;SEASHELLS;9920.0;6
3;51300.0;Vinnie;Vinnie;SEASHELLS;9921.0;9
3;51304.0;Vinnie;Vinnie;SEASHELLS;9924.0;5
3;51307.0;Vinnie;Vinnie;SEASHELLS;9920.0;5
3;51311.0;Rhianna;Vinnie;SEASHELLS;9923.0;1
3;51321.0;Vinnie;Vinnie;SEASHELLS;9927.0;6
3;51369.0;Vinnie;Rhianna;SEASHELLS;9918.0;2
3;51377.0;Vinnie;Vinnie;SEASHELLS;9916.0;6
3;51384.0;Vinnie;Raj;SEASHELLS;9912.0;6
3;51418.0;Vinnie;Vinnie;SEASHELLS;9905.0;5
3;51432.0;Rhianna;Vinnie;SEASHELLS;9906.0;3
3;51440.0;Vinnie;Rhianna;SEASHELLS;9906.0;2
3;51440.0;Vinnie;Vinnie;SEASHELLS;9906.0;6
3;51449.0;Vinnie;Rhianna;SEASHELLS;9901.0;1
3;51481.0;Vinnie;Rhianna;SEASHELLS;9892.0;2
3;51489.0;Vinnie;Vinnie;SEASHELLS;9894.0;8
3;51509.0;Rhianna;Vinnie;SEASHELLS;9900.0;3
3;51541.0;Vinnie;Vinnie;SEASHELLS;9903.0;9
3;51548.0;Vinnie;Vinnie;SEASHELLS;9905.0;9
3;51601.0;Vinnie;Raj;SEASHELLS;9909.0;7
3;51609.0;Vinnie;Vinnie;SEASHELLS;9912.0;6
3;51610.0;Vinnie;Vinnie;SEASHELLS;9912.0;9
3;51621.0;Rhianna;Vinnie;SEASHELLS;9913.0;1
3;51625.0;Vinnie;Rhianna;SEASHELLS;9913.0;1
3;51630.0;Rhianna;Vinnie;SEASHELLS;9915.0;3
3;51631.0;Vinnie;Vinnie;SEASHELLS;9913.0;10
3;51639.0;Vinnie;Vinnie;SEASHELLS;9911.0;10
3;51646.0;Vinnie;Vinnie;SEASHELLS;9910.0;10
3;51649.0;Vinnie;Rhianna;SEASHELLS;9908.0;2
3;51672.0;Vinnie;Vinnie;SEASHELLS;9904.0;6
3;51716.0;Vinnie;Rhianna;SEASHELLS;9916.0;2
3;51737.0;Vinnie;Vinnie;SEASHELLS;9916.0;10
3;51774.0;Vinnie;Vinnie;SEASHELLS;9909.0;9
3;51786.0;Vinnie;Rhianna;SEASHELLS;9911.0;1
3;51787.0;Vinnie;Rhianna;SEASHELLS;9912.0;1
3;51797.0;Vinnie;Vinnie;SEASHELLS;9912.0;9
3;51799.0;Vinnie;Vinnie;SEASHELLS;9912.0;7
3;51800.0;Vinnie;Rhianna;SEASHELLS;9912.0;3
3;51812.0;Vinnie;Vinnie;SEASHELLS;9915.0;5
3;51830.0;Vinnie;Vinnie;SEASHELLS;9914.0;7
3;51836.0;Vinnie;Vinnie;SEASHELLS;9916.0;6
3;51858.0;Vinnie;Raj;SEASHELLS;9912.0;5
3;51865.0;Vinnie;Rhianna;SEASHELLS;9916.0;3
3;51892.0;Rhianna;Vinnie;SEASHELLS;9909.0;1
3;51912.0;Vinnie;Vinnie;SEASHELLS;9904.0;6
3;51931.0;Raj;Vinnie;SEASHELLS;9910.0;8
3;51933.0;Vinnie;Rhianna;SEASHELLS;9910.0;2
3;51990.0;Vinnie;Vinnie;SEASHELLS;9916.0;6
3;52004.0;Rhianna;Vinnie;SEASHELLS;9914.0;1
3;52023.0;Vinnie;Raj;SEASHELLS;9915.0;10
3;52026.0;Vinnie;Vinnie;SEASHELLS;9916.0;7
3;52037.0;Raj;Vinnie;SEASHELLS;9921.0;5
3;52111.0;Raj;Vinnie;SEASHELLS;9924.0;9
3;52120.0;Vinnie;Vinnie;SEASHELLS;9920.0;8
3;52136.0;Vinnie;Vinnie;SEASHELLS;9926.0;6
3;52141.0;Vinnie;Vinnie;SEASHELLS;9921.0;5
3;52169.0;Vinnie;Vinnie;SEASHELLS;9921.0;7
3;52171.0;Vinnie;Rhianna;SEASHELLS;9923.0;1
3;52176.0;Vinnie;Vinnie;SEASHELLS;9922.0;9
3;52195.0;Vinnie;Raj;SEASHELLS;9909.0;5
3;52228.0;Vinnie;Vinnie;SEASHELLS;9916.0;9
3;52229.0;Vinnie;Rhianna;SEASHELLS;9915.0;1
3;52238.0;Vinnie;Vinnie;SEASHELLS;9917.0;9
3;52245.0;Vinnie;Vinnie;SEASHELLS;9919.0;6
3;52251.0;Vinnie;Rhianna;SEASHELLS;9921.0;2
3;52270.0;Rhianna;Vinnie;SEASHELLS;9930.0;2
3;52301.0;Raj;Vinnie;SEASHELLS;9941.0;8
3;52308.0;Vinnie;Vinnie;SEASHELLS;9937.0;8
3;52324.0;Rhianna;Vinnie;SEASHELLS;9943.0;2
3;52333.0;Vinnie;Vinnie;SEASHELLS;9939.0;6
3;52336.0;Vinnie;Raj;SEASHELLS;9939.0;6
3;52337.0;Vinnie;Vinnie;SEASHELLS;9940.0;7
3;52340.0;Vinnie;Rhianna;SEASHELLS;9940.0;2
3;52351.0;Rhianna;Vinnie;SEASHELLS;9943.0;2
3;52375.0;Vinnie;Vinnie;SEASHELLS;9947.0;8
3;52389.0;Raj;Vinnie;SEASHELLS;9945.0;5
3;52392.0;Vinnie;Vinnie;SEASHELLS;9942.0;8
3;52405.0;Vinnie;Vinnie;SEASHELLS;9939.0;6
3;52409.0;Vinnie;Vinnie;SEASHELLS;9938.0;6
3;52416.0;Vinnie;Vinnie;SEASHELLS;9941.0;10
3;52443.0;Vinnie;Rhianna;SEASHELLS;9940.0;2
3;52470.0;Vinnie;Vinnie;SEASHELLS;9935.0;8
3;52479.0;Vinnie;Vinnie;SEASHELLS;9935.0;9
3;52488.0;Vinnie;Vinnie;SEASHELLS;9936.0;6
3;52493.0;Raj;Vinnie;SEASHELLS;9939.0;9
3;52506.0;Vinnie;Vinnie;SEASHELLS;9940.0;9
3;52518.0;Vinnie;Vinnie;SEASHELLS;9939.0;5
3;52519.0;Vinnie;Vinnie;SEASHELLS;9937.0;7
3;52523.0;Vinnie;Raj;SEASHELLS;9940.0;8
3;52534.0;Vinnie;Vinnie;SEASHELLS;9941.0;9
3;52535.0;Vinnie;Vinnie;SEASHELLS;9939.0;10
3;52553.0;Vinnie;Vinnie;SEASHELLS;9945.0;6
3;52569.0;Vinnie;Vinnie;SEASHELLS;9942.0;8
3;52596.0;Vinnie;Vinnie;SEASHELLS;9947.0;7
3;52601.0;Vinnie;Vinnie;SEASHELLS;9948.0;10
3;52617.0;Vinnie;Vinnie;SEASHELLS;9952.0;7
3;52620.0;Vinnie;Rhianna;SEASHELLS;9952.0;3
3;52649.0;Vinnie;Rhianna;SEASHELLS;9953.0;2
3;52672.0;Vinnie;Vinnie;SEASHELLS;9957.0;5
3;52743.0;Vinnie;Vinnie;SEASHELLS;9947.0;6
3;52747.0;Vinnie;Rhianna;SEASHELLS;9943.0;2
3;52756.0;Vinnie;Vinnie;SEASHELLS;9938.0;5
3;52786.0;Vinnie;Vinnie;SEASHELLS;9927.0;7
3;52809.0;Vinnie;Vinnie;SEASHELLS;9922.0;6
3;52821.0;Vinnie;Rhianna;SEASHELLS;9923.0;3
3;52823.0;Vinnie;Vinnie;SEASHELLS;9924.0;7
3;52840.0;Vinnie;Vinnie;SEASHELLS;9919.0;9
3;52842.0;Vinnie;Raj;SEASHELLS;9918.0;9
3;52845.0;Vinnie;Vinnie;SEASHELLS;9915.0;8
3;52850.0;Vinnie;Vinnie;SEASHELLS;9912.0;6
3;52869.0;Vinnie;Vinnie;SEASHELLS;9914.0;9
3;52879.0;Raj;Vinnie;SEASHELLS;9916.0;9
3;52911.0;Vinnie;Vinnie;SEASHELLS;9910.0;8
3;52919.0;Vinnie;Raj;SEASHELLS;9907.0;5
3;52924.0;Rhianna;Vinnie;SEASHELLS;9907.0;3
3;52949.0;Raj;Vinnie;SEASHELLS;9911.0;6
3;52958.0;Vinnie;Raj;SEASHELLS;9913.0;9
3;52958.0;Vinnie;Vinnie;SEASHELLS;9913.0;7
3;52966.0;Vinnie;Rhianna;SEASHELLS;9912.0;3
3;52973.0;Raj;Vinnie;SEASHELLS;9910.0;10
3;52985.0;Vinnie;Raj;SEASHELLS;9913.0;5
3;53001.0;Raj;Vinnie;SEASHELLS;9911.0;8
3;53002.0;Vinnie;Vinnie;SEASHELLS;9909.0;7
3;53044.0;Vinnie;Vinnie;SEASHELLS;9910.0;9
3;53115.0;Vinnie;Vinnie;SEASHELLS;9919.0;5
3;53116.0;Vinnie;Vinnie;SEASHELLS;9917.0;8
3;53134.0;Vinnie;Raj;SEASHELLS;9916.0;8
3;53139.0;Vinnie;Vinnie;SEASHELLS;9916.0;9
3;53155.0;Vinnie;Vinnie;SEASHELLS;9912.0;6
3;53178.0;Vinnie;Raj;SEASHELLS;9906.0;7
3;53196.0;Vinnie;Vinnie;SEASHELLS;9896.0;6
3;53212.0;Vinnie;Rhianna;SEASHELLS;9900.0;3
3;53218.0;Vinnie;Vinnie;SEASHELLS;9900.0;8
3;53274.0;Vinnie;Vinnie;SEASHELLS;9893.0;10
3;53281.0;Vinnie;Vinnie;SEASHELLS;9898.0;8
3;53296.0;Vinnie;Raj;SEASHELLS;9903.0;9
3;53313.0;Raj;Vinnie;SEASHELLS;9903.0;5
3;53313.0;Rhianna;Vinnie;SEASHELLS;9903.0;2
3;53350.0;Vinnie;Vinnie;SEASHELLS;9898.0;8
3;53352.0;Rhianna;Vinnie;SEASHELLS;9899.0;1
3;53372.0;Vinnie;Vinnie;SEASHELLS;9897.0;10
3;53377.0;Vinnie;Vinnie;SEASHELLS;9899.0;10
3;53386.0;Vinnie;Raj;SEASHELLS;9897.0;8
3;53387.0;Vinnie;Vinnie;SEASHELLS;9897.0;9
3;53420.0;Vinnie;Vinnie;SEASHELLS;9897.0;7
3;53448.0;Vinnie;Vinnie;SEASHELLS;9897.0;8
3;53454.0;Vinnie;Vinnie;SEASHELLS;9894.0;5
3;53467.0;Vinnie;Vinnie;SEASHELLS;9893.0;8
3;53489.0;Vinnie;Vinnie;SEASHELLS;9891.0;9
3;53492.0;Vinnie;Vinnie;SEASHELLS;9888.0;5
3;53496.0;Vinnie;Vinnie;SEASHELLS;9890.0;5
3;53530.0;Vinnie;Vinnie;SEASHELLS;9882.0;6
3;53568.0;Raj;Vinnie;SEASHELLS;9889.0;6
3;53588.0;Vinnie;Vinnie;SEASHELLS;9892.0;7
3;53620.0;Vinnie;Vinnie;SEASHELLS;9892.0;7
3;53629.0;Vinnie;Rhianna;SEASHELLS;9885.0;2
3;53672.0;Raj;Vinnie;SEASHELLS;9881.0;9
3;53695.0;Vinnie;Vinnie;SEASHELLS;9873.0;5
3;53705.0;Vinnie;Vinnie;SEASHELLS;9873.0;5
3;53710.0;Vinnie;Vinnie;SEASHELLS;9875.0;5
3;53713.0;Vinnie;Vinnie;SEASHELLS;9875.0;7
3;53735.0;Vinnie;Vinnie;SEASHELLS;9869.0;5
3;53742.0;Vinnie;Vinnie;SEASHELLS;9866.0;5
3;53750.0;Vinnie;Vinnie;SEASHELLS;9867.0;5
3;53777.0;Vinnie;Rhianna;SEASHELLS;9862.0;1
3;53794.0;Vinnie;Vinnie;SEASHELLS;9863.0;7
3;53808.0;Vinnie;Vinnie;SEASHELLS;9865.0;9
3;53821.0;Vinnie;Vinnie;SEASHELLS;9871.0;9
3;53824.0;Vinnie;Vinnie;SEASHELLS;9871.0;10
3;53828.0;Raj;Vinnie;SEASHELLS;9876.0;10
3;53832.0;Vinnie;Vinnie;SEASHELLS;9874.0;8
3;53864.0;Vinnie;Vinnie;SEASHELLS;9877.0;8
3;53874.0;Vinnie;Vinnie;SEASHELLS;9876.0;7
3;53885.0;Vinnie;Raj;SEASHELLS;9876.0;7
3;53937.0;Vinnie;Raj;SEASHELLS;9887.0;7
3;53958.0;Vinnie;Vinnie;SEASHELLS;9886.0;5
3;53964.0;Rhianna;Vinnie;SEASHELLS;9883.0;1
3;53986.0;Vinnie;Vinnie;SEASHELLS;9881.0;7
3;53995.0;Rhianna;Vinnie;SEASHELLS;9884.0;2
3;54013.0;Vinnie;Vinnie;SEASHELLS;9886.0;9
3;54062.0;Vinnie;Rhianna;SEASHELLS;9896.0;1
3;54079.0;Vinnie;Vinnie;SEASHELLS;9894.0;9
3;54094.0;Vinnie;Vinnie;SEASHELLS;9895.0;8
3;54121.0;Vinnie;Vinnie;SEASHELLS;9897.0;5
3;54124.0;Vinnie;Vinnie;SEASHELLS;9897.0;10
3;54126.0;Vinnie;Vinnie;SEASHELLS;9896.0;10
3;54145.0;Vinnie;Vinnie;SEASHELLS;9892.0;9
3;54174.0;Vinnie;Vinnie;SEASHELLS;9897.0;9
3;54198.0;Vinnie;Vinnie;SEASHELLS;9893.0;5
3;54204.0;Vinnie;Vinnie;SEASHELLS;9899.0;9
3;54241.0;Vinnie;Vinnie;SEASHELLS;9891.0;7
3;54259.0;Vinnie;Vinnie;SEASHELLS;9894.0;9
3;54275.0;Vinnie;Vinnie;SEASHELLS;9898.0;7
3;54287.0;Vinnie;Rhianna;SEASHELLS;9898.0;1
3;54299.0;Vinnie;Vinnie;SEASHELLS;9892.0;7
3;54302.0;Vinnie;Raj;SEASHELLS;9895.0;8
3;54349.0;Vinnie;Vinnie;SEASHELLS;9892.0;10
3;54376.0;Vinnie;Raj;SEASHELLS;9884.0;8
3;54377.0;Vinnie;Vinnie;SEASHELLS;9883.0;5
3;54394.0;Vinnie;Vinnie;SEASHELLS;9882.0;8
3;54395.0;Vinnie;Vinnie;SEASHELLS;9882.0;5
3;54398.0;Vinnie;Vinnie;SEASHELLS;9883.0;5
3;54465.0;Vinnie;Vinnie;SEASHELLS;9882.0;10
3;54490.0;Vinnie;Vinnie;SEASHELLS;9873.0;7
3;54507.0;Rhianna;Vinnie;SEASHELLS;9870.0;3
3;54531.0;Vinnie;Rhianna;SEASHELLS;9873.0;1
3;54553.0;Vinnie;Vinnie;SEASHELLS;9876.0;7
3;54582.0;Vinnie;Vinnie;SEASHELLS;9874.0;9
3;54585.0;Vinnie;Vinnie;SEASHELLS;9875.0;7
3;54587.0;Vinnie;Vinnie;SEASHELLS;9873.0;7
3;54600.0;Vinnie;Vinnie;SEASHELLS;9869.0;5
3;54602.0;Vinnie;Vinnie;SEASHELLS;9869.0;5
3;54615.0;Vinnie;Vinnie;SEASHELLS;9868.0;6
3;54633.0;Vinnie;Vinnie;SEASHELLS;9867.0;6
3;54644.0;Raj;Vinnie;SEASHELLS;9865.0;5
3;54692.0;Vinnie;Raj;SEASHELLS;9874.0;8
3;54703.0;Vinnie;Vinnie;SEASHELLS;9871.0;9
3;54706.0;Vinnie;Vinnie;SEASHELLS;9870.0;9
3;54713.0;Vinnie;Vinnie;SEASHELLS;9872.0;10
3;54718.0;Vinnie;Rhianna;SEASHELLS;9875.0;1
3;54733.0;Vinnie;Vinnie;SEASHELLS;9871.0;8
3;54758.0;Vinnie;Vinnie;SEASHELLS;9868.0;5
3;54762.0;Vinnie;Vinnie;SEASHELLS;9872.0;8
3;54788.0;Vinnie;Vinnie;SEASHELLS;9879.0;7
3;54797.0;Vinnie;Vinnie;SEASHELLS;9878.0;8
3;54802.0;Vinnie;Raj;SEASHELLS;9878.0;8
3;54803.0;Vinnie;Rhianna;SEASHELLS;9876.0;1
3;54810.0;Vinnie;Vinnie;SEASHELLS;9877.0;6
3;54813.0;Vinnie;Raj;SEASHELLS;9877.0;10
3;54820.0;Rhianna;Vinnie;SEASHELLS;9874.0;2
3;54823.0;Vinnie;Vinnie;SEASHELLS;9873.0;5
3;54824.0;Raj;Vinnie;SEASHELLS;9874.0;9
3;54824.0;Vinnie;Vinnie;SEASHELLS;9873.0;9
3;54840.0;Vinnie;Vinnie;SEASHELLS;9874.0;10
3;54863.0;Vinnie;Vinnie;SEASHELLS;9878.0;10
3;54873.0;Vinnie;Vinnie;SEASHELLS;9876.0;8
3;54873.0;Vinnie;Raj;SEASHELLS;9876.0;8
3;54883.0;Vinnie;Vinnie;SEASHELLS;9875.0;6
3;54890.0;Raj;Vinnie;SEASHELLS;9874.0;9
3;54904.0;Vinnie;Raj;SEASHELLS;9872.0;7
3;54958.0;Vinnie;Vinnie;SEASHELLS;9876.0;6
3;54971.0;Rhianna;Vinnie;SEASHELLS;9880.0;1
3;54971.0;Vinnie;Vinnie;SEASHELLS;9879.0;10
3;54974.0;Vinnie;Vinnie;SEASHELLS;9873.0;10
3;55016.0;Rhianna;Vinnie;SEASHELLS;9866.0;2
3;55059.0;Vinnie;Raj;SEASHELLS;9869.0;5
3;55061.0;Vinnie;Vinnie;SEASHELLS;9870.0;6
3;55075.0;Vinnie;Vinnie;SEASHELLS;9871.0;5
3;55083.0;Vinnie;Vinnie;SEASHELLS;9869.0;8
3;55113.0;Rhianna;Vinnie;SEASHELLS;9876.0;3
3;55123.0;Vinnie;Rhianna;SEASHELLS;9868.0;1
3;55125.0;Vinnie;Vinnie;SEASHELLS;9870.0;10
3;55146.0;Vinnie;Rhianna;SEASHELLS;9876.0;2
3;55147.0;Raj;Vinnie;SEASHELLS;9878.0;9
3;55187.0;Vinnie;Vinnie;SEASHELLS;9877.0;5
3;55201.0;Raj;Vinnie;SEASHELLS;9883.0;7
3;55232.0;Vinnie;Vinnie;SEASHELLS;9879.0;8
3;55249.0;Vinnie;Vinnie;SEASHELLS;9878.0;6
3;55264.0;Vinnie;Vinnie;SEASHELLS;9877.0;7
3;55267.0;Vinnie;Vinnie;SEASHELLS;9878.0;8
3;55300.0;Vinnie;Vinnie;SEASHELLS;9871.0;7
3;55318.0;Vinnie;Vinnie;SEASHELLS;9869.0;8
3;55336.0;Vinnie;Vinnie;SEASHELLS;9878.0;8
3;55347.0;Rhianna;Vinnie;SEASHELLS;9881.0;2
3;55362.0;Vinnie;Vinnie;SEASHELLS;9873.0;5
3;55379.0;Vinnie;Raj;SEASHELLS;9867.0;7
3;55395.0;Vinnie;Vinnie;SEASHELLS;9868.0;9
3;55417.0;Vinnie;Vinnie;SEASHELLS;9854.0;9
3;55421.0;Rhianna;Vinnie;SEASHELLS;9853.0;3
3;55456.0;Vinnie;Vinnie;SEASHELLS;9848.0;5
3;55503.0;Vinnie;Rhianna;SEASHELLS;9842.0;2
3;55504.0;Vinnie;Vinnie;SEASHELLS;9843.0;9
3;55546.0;Vinnie;Vinnie;SEASHELLS;9846.0;6
3;55564.0;Vinnie;Vinnie;SEASHELLS;9844.0;7
3;55624.0;Vinnie;Vinnie;SEASHELLS;9834.0;8
3;55633.0;Vinnie;Vinnie;SEASHELLS;9832.0;5
3;55651.0;Vinnie;Vinnie;SEASHELLS;9830.0;10
3;55659.0;Vinnie;Vinnie;SEASHELLS;9830.0;8
3;55665.0;Vinnie;Raj;SEASHELLS;9828.0;5
3;55678.0;Rhianna;Vinnie;SEASHELLS;9828.0;2
3;55699.0;Vinnie;Vinnie;SEASHELLS;9823.0;10
3;55703.0;Vinnie;Vinnie;SEASHELLS;9826.0;6
3;55737.0;Vinnie;Rhianna;SEASHELLS;9814.0;1
3;55746.0;Vinnie;Vinnie;SEASHELLS;9813.0;10
3;55751.0;Vinnie;Vinnie;SEASHELLS;9811.0;5
3;55763.0;Vinnie;Vinnie;SEASHELLS;9813.0;6
3;55770.0;Vinnie;Vinnie;SEASHELLS;9815.0;7
3;55803.0;Raj;Vinnie;SEASHELLS;9811.0;7
3;55805.0;Vinnie;Rhianna;SEASHELLS;9810.0;3
3;55809.0;Vinnie;Vinnie;SEASHELLS;9815.0;10
3;55811.0;Vinnie;Vinnie;SEASHELLS;9815.0;5
3;55817.0;Vinnie;Vinnie;SEASHELLS;9816.0;6
3;55819.0;Vinnie;Vinnie;SEASHELLS;9816.0;9
3;55821.0;Vinnie;Vinnie;SEASHELLS;9817.0;10
3;55838.0;Vinnie;Vinnie;SEASHELLS;9818.0;7
3;55853.0;Vinnie;Vinnie;SEASHELLS;9827.0;8
3;55862.0;Vinnie;Rhianna;SEASHELLS;9824.0;3
3;55867.0;Raj;Vinnie;SEASHELLS;9828.0;7
3;55887.0;Rhianna;Vinnie;SEASHELLS;9828.0;2
3;55888.0;Vinnie;Raj;SEASHELLS;9827.0;7
3;55888.0;Vinnie;Vinnie;SEASHELLS;9827.0;6
3;55896.0;Vinnie;Raj;SEASHELLS;9824.0;10
3;55915.0;Raj;Vinnie;SEASHELLS;9834.0;5
3;55936.0;Vinnie;Vinnie;SEASHELLS;9838.0;7
3;55939.0;Vinnie;Vinnie;SEASHELLS;9836.0;6
3;55970.0;Vinnie;Raj;SEASHELLS;9839.0;9
3;55975.0;Vinnie;Rhianna;SEASHELLS;9841.0;2
3;55980.0;Vinnie;Vinnie;SEASHELLS;9842.0;6
3;56005.0;Vinnie;Vinnie;SEASHELLS;9848.0;10
3;56008.0;Vinnie;Vinnie;SEASHELLS;9846.0;9
3;56010.0;Vinnie;Vinnie;SEASHELLS;9845.0;6
3;56012.0;Vinnie;Vinnie;SEASHELLS;9846.0;7
3;56032.0;Vinnie;Raj;SEASHELLS;9837.0;7
3;56065.0;Vinnie;Vinnie;SEASHELLS;9834.0;7
3;56074.0;Vinnie;Vinnie;SEASHELLS;9831.0;8
3;56075.0;Rhianna;Vinnie;SEASHELLS;9833.0;2
3;56079.0;Vinnie;Vinnie;SEASHELLS;9834.0;8
3;56080.0;Vinnie;Vinnie;SEASHELLS;9834.0;7
3;56107.0;Vinnie;Vinnie;SEASHELLS;9827.0;5
3;56110.0;Vinnie;Vinnie;SEASHELLS;9827.0;6
3;56113.0;Rhianna;Vinnie;SEASHELLS;9829.0;2
3;56119.0;Raj;Vinnie;SEASHELLS;9830.0;10
3;56127.0;Vinnie;Vinnie;SEASHELLS;9826.0;9
3;56133.0;Raj;Vinnie;SEASHELLS;9828.0;8
3;56142.0;Vinnie;Vinnie;SEASHELLS;9828.0;8
3;56174.0;Vinnie;Vinnie;SEASHELLS;9834.0;6
3;56192.0;Vinnie;Raj;SEASHELLS;9831.0;6
3;56204.0;Vinnie;Vinnie;SEASHELLS;9828.0;8
3;56205.0;Vinnie;Rhianna;SEASHELLS;9828.0;1
3;56248.0;Vinnie;Vinnie;SEASHELLS;9824.0;8
3;56264.0;Vinnie;Vinnie;SEASHELLS;9830.0;5
3;56278.0;Raj;Vinnie;SEASHELLS;9836.0;6
3;56281.0;Vinnie;Vinnie;SEASHELLS;9835.0;8
3;56300.0;Vinnie;Vinnie;SEASHELLS;9840.0;7
3;56316.0;Vinnie;Rhianna;SEASHELLS;9838.0;1
3;56319.0;Rhianna;Vinnie;SEASHELLS;9841.0;3
3;56320.0;Vinnie;Vinnie;SEASHELLS;9841.0;8
3;56354.0;Vinnie;Rhianna;SEASHELLS;9846.0;1
3;56368.0;Vinnie;Vinnie;SEASHELLS;9847.0;10
3;56386.0;Vinnie;Vinnie;SEASHELLS;9844.0;9
3;56395.0;Rhianna;Vinnie;SEASHELLS;9845.0;1
3;56425.0;Rhianna;Vinnie;SEASHELLS;9845.0;1
3;56438.0;Vinnie;Vinnie;SEASHELLS;9836.0;6
3;56442.0;Vinnie;Vinnie;SEASHELLS;9837.0;7
3;56451.0;Vinnie;Vinnie;SEASHELLS;9839.0;10
3;56460.0;Vinnie;Vinnie;SEASHELLS;9839.0;5
3;56464.0;Rhianna;Vinnie;SEASHELLS;9843.0;2
3;56484.0;Raj;Vinnie;SEASHELLS;9849.0;10
3;56485.0;Vinnie;Vinnie;SEASHELLS;9849.0;9
3;56513.0;Vinnie;Vinnie;SEASHELLS;9843.0;8
3;56526.0;Vinnie;Vinnie;SEASHELLS;9849.0;10
3;56539.0;Vinnie;Vinnie;SEASHELLS;9851.0;10
3;56542.0;Vinnie;Raj;SEASHELLS;9853.0;7
3;56564.0;Vinnie;Vinnie;SEASHELLS;9853.0;6
3;56628.0;Raj;Vinnie;SEASHELLS;9853.0;8
3;56644.0;Vinnie;Rhianna;SEASHELLS;9859.0;3
3;56716.0;Vinnie;Vinnie;SEASHELLS;9865.0;6
3;56759.0;Vinnie;Raj;SEASHELLS;9867.0;6
3;56760.0;Vinnie;Vinnie;SEASHELLS;9868.0;6
3;56787.0;Vinnie;Vinnie;SEASHELLS;9875.0;10
3;56799.0;Vinnie;Vinnie;SEASHELLS;9869.0;9
3;56836.0;Vinnie;Vinnie;SEASHELLS;9880.0;7
3;56880.0;Vinnie;Vinnie;SEASHELLS;9870.0;10
3;56883.0;Vinnie;Vinnie;SEASHELLS;9872.0;9
3;56890.0;Vinnie;Vinnie;SEASHELLS;9871.0;7
3;56892.0;Vinnie;Vinnie;SEASHELLS;9870.0;5
3;56896.0;Vinnie;Raj;SEASHELLS;9870.0;7
3;56908.0;Vinnie;Raj;SEASHELLS;9868.0;5
3;56923.0;Vinnie;Vinnie;SEASHELLS;9870.0;9
3;56925.0;Vinnie;Vinnie;SEASHELLS;9870.0;8
3;56934.0;Vinnie;Raj;SEASHELLS;9876.0;5
3;56936.0;Vinnie;Vinnie;SEASHELLS;9877.0;9
3;56944.0;Raj;Vinnie;SEASHELLS;9878.0;7
3;56960.0;Raj;Vinnie;SEASHELLS;9874.0;9
3;56976.0;Vinnie;Vinnie;SEASHELLS;9875.0;5
3;57008.0;Vinnie;Vinnie;SEASHELLS;9878.0;5
3;57025.0;Vinnie;Vinnie;SEASHELLS;9878.0;6
3;57031.0;Rhianna;Vinnie;SEASHELLS;9878.0;2
3;57036.0;Vinnie;Vinnie;SEASHELLS;9877.0;5
3;57043.0;Vinnie;Rhianna;SEASHELLS;9870.0;2
3;57045.0;Rhianna;Vinnie;SEASHELLS;9871.0;3
3;57059.0;Vinnie;Vinnie;SEASHELLS;9866.0;10
3;57067.0;Vinnie;Vinnie;SEASHELLS;9860.0;7
3;57073.0;Vinnie;Rhianna;SEASHELLS;9861.0;1
3;57080.0;Vinnie;Vinnie;SEASHELLS;9863.0;5
3;57083.0;Vinnie;Vinnie;SEASHELLS;9860.0;5
3;57092.0;Vinnie;Vinnie;SEASHELLS;9859.0;9
3;57096.0;Vinnie;Vinnie;SEASHELLS;9856.0;9
3;57101.0;Vinnie;Vinnie;SEASHELLS;9860.0;7
3;57106.0;Vinnie;Raj;SEASHELLS;9857.0;8
3;57164.0;Vinnie;Raj;SEASHELLS;9863.0;8
3;57237.0;Vinnie;Vinnie;SEASHELLS;9862.0;5
3;57248.0;Raj;Vinnie;SEASHELLS;9862.0;6
3;57264.0;Vinnie;Vinnie;SEASHELLS;9862.0;6
3;57271.0;Rhianna;Vinnie;SEASHELLS;9866.0;2
3;57274.0;Vinnie;Vinnie;SEASHELLS;9863.0;7
3;57321.0;Vinnie;Vinnie;SEASHELLS;9863.0;9
3;57333.0;Vinnie;Rhianna;SEASHELLS;9857.0;1
3;57343.0;Raj;Vinnie;SEASHELLS;9865.0;8
3;57347.0;Vinnie;Vinnie;SEASHELLS;9865.0;5
3;57373.0;Vinnie;Vinnie;SEASHELLS;9868.0;7
3;57382.0;Vinnie;Raj;SEASHELLS;9863.0;8
3;57393.0;Vinnie;Vinnie;SEASHELLS;9862.0;8
3;57431.0;Vinnie;Vinnie;SEASHELLS;9866.0;7
3;57448.0;Rhianna;Vinnie;SEASHELLS;9875.0;2
3;57464.0;Vinnie;Vinnie;SEASHELLS;9875.0;7
3;57479.0;Raj;Vinnie;SEASHELLS;9881.0;8
3;57481.0;Raj;Vinnie;SEASHELLS;9881.0;10
3;57487.0;Vinnie;Vinnie;SEASHELLS;9882.0;10
3;57489.0;Vinnie;Vinnie;SEASHELLS;9883.0;5
3;57500.0;Vinnie;Vinnie;SEASHELLS;9885.0;7
3;57507.0;Vinnie;Raj;SEASHELLS;9886.0;5
3;57532.0;Rhianna;Vinnie;SEASHELLS;9889.0;2
3;57535.0;Vinnie;Vinnie;SEASHELLS;9887.0;10
3;57543.0;Vinnie;Vinnie;SEASHELLS;9884.0;9
3;57566.0;Vinnie;Vinnie;SEASHELLS;9879.0;8
3;57597.0;Vinnie;Vinnie;SEASHELLS;9870.0;7
3;57619.0;Vinnie;Vinnie;SEASHELLS;9872.0;7
3;57625.0;Vinnie;Raj;SEASHELLS;9869.0;6
3;57671.0;Vinnie;Raj;SEASHELLS;9867.0;7
3;57707.0;Vinnie;Vinnie;SEASHELLS;9859.0;7
3;57721.0;Vinnie;Raj;SEASHELLS;9864.0;10
3;57728.0;Vinnie;Vinnie;SEASHELLS;9861.0;10
3;57745.0;Vinnie;Vinnie;SEASHELLS;9861.0;5
3;57751.0;Vinnie;Vinnie;SEASHELLS;9864.0;7
3;57781.0;Vinnie;Raj;SEASHELLS;9864.0;7
3;57782.0;Rhianna;Vinnie;SEASHELLS;9865.0;1
3;57783.0;Vinnie;Vinnie;SEASHELLS;9863.0;7
3;57805.0;Rhianna;Vinnie;SEASHELLS;9867.0;1
3;57809.0;Vinnie;Vinnie;SEASHELLS;9869.0;9
3;57815.0;Rhianna;Vinnie;SEASHELLS;9874.0;3
3;57826.0;Raj;Vinnie;SEASHELLS;9880.0;8
3;57826.0;Vinnie;Vinnie;SEASHELLS;9878.0;8
3;57832.0;Vinnie;Raj;SEASHELLS;9880.0;8
3;57834.0;Rhianna;Vinnie;SEASHELLS;9879.0;1
3;57848.0;Vinnie;Vinnie;SEASHELLS;9876.0;5
3;57848.0;Vinnie;Rhianna;SEASHELLS;9876.0;3
3;57851.0;Vinnie;Vinnie;SEASHELLS;9872.0;8
3;57890.0;Vinnie;Raj;SEASHELLS;9865.0;8
3;57984.0;Raj;Vinnie;SEASHELLS;9855.0;8
3;58022.0;Vinnie;Raj;SEASHELLS;9861.0;6
3;58029.0;Vinnie;Vinnie;SEASHELLS;9864.0;7
3;58041.0;Vinnie;Vinnie;SEASHELLS;9864.0;7
3;58056.0;Vinnie;Vinnie;SEASHELLS;9864.0;6
3;58063.0;Rhianna;Vinnie;SEASHELLS;9866.0;2
3;58074.0;Vinnie;Rhianna;SEASHELLS;9868.0;1
3;58109.0;Vinnie;Raj;SEASHELLS;9869.0;9
3;58121.0;Vinnie;Vinnie;SEASHELLS;9865.0;6
3;58131.0;Vinnie;Vinnie;SEASHELLS;9861.0;9
3;58137.0;Vinnie;Vinnie;SEASHELLS;9860.0;8
3;58140.0;Vinnie;Vinnie;SEASHELLS;9858.0;10
3;58141.0;Vinnie;Vinnie;SEASHELLS;9857.0;5
3;58153.0;Raj;Vinnie;SEASHELLS;9852.0;9
3;58154.0;Vinnie;Vinnie;SEASHELLS;9851.0;7
3;58198.0;Vinnie;Vinnie;SEASHELLS;9856.0;5
3;58206.0;Vinnie;Vinnie;SEASHELLS;9857.0;10
3;58216.0;Vinnie;Vinnie;SEASHELLS;9860.0;7
3;58217.0;Vinnie;Vinnie;SEASHELLS;9861.0;9
3;58220.0;Vinnie;Vinnie;SEASHELLS;9860.0;10
3;58223.0;Vinnie;Vinnie;SEASHELLS;9859.0;6
3;58250.0;Vinnie;Vinnie;SEASHELLS;9862.0;8
3;58263.0;Raj;Vinnie;SEASHELLS;9863.0;6
3;58267.0;Rhianna;Vinnie;SEASHELLS;9862.0;1
3;58271.0;Vinnie;Raj;SEASHELLS;9859.0;6
3;58274.0;Vinnie;Raj;SEASHELLS;9862.0;10
3;58287.0;Vinnie;Vinnie;SEASHELLS;9865.0;9
3;58314.0;Vinnie;Raj;SEASHELLS;9863.0;9
3;58321.0;Vinnie;Vinnie;SEASHELLS;9867.0;6
3;58346.0;Raj;Vinnie;SEASHELLS;9877.0;5
3;58358.0;Vinnie;Raj;SEASHELLS;9876.0;9
3;58373.0;Vinnie;Vinnie;SEASHELLS;9879.0;5
3;58375.0;Vinnie;Vinnie;SEASHELLS;9879.0;6
3;58395.0;Vinnie;Vinnie;SEASHELLS;9881.0;10
3;58419.0;Vinnie;Vinnie;SEASHELLS;9882.0;9
3;58467.0;Vinnie;Vinnie;SEASHELLS;9886.0;5
3;58473.0;Rhianna;Vinnie;SEASHELLS;9889.0;3
3;58479.0;Vinnie;Vinnie;SEASHELLS;9889.0;8
3;58504.0;Vinnie;Rhianna;SEASHELLS;9889.0;3
3;58518.0;Vinnie;Rhianna;SEASHELLS;9886.0;3
3;58531.0;Vinnie;Raj;SEASHELLS;9883.0;5
3;58554.0;Vinnie;Vinnie;SEASHELLS;9889.0;6
3;58558.0;Vinnie;Vinnie;SEASHELLS;9886.0;5
3;58603.0;Vinnie;Rhianna;SEASHELLS;9892.0;3
3;58607.0;Raj;Vinnie;SEASHELLS;9894.0;5
3;58630.0;Vinnie;Rhianna;SEASHELLS;9888.0;2
3;58639.0;Vinnie;Vinnie;SEASHELLS;9889.0;10
3;58655.0;Vinnie;Vinnie;SEASHELLS;9885.0;9
3;58723.0;Vinnie;Vinnie;SEASHELLS;9873.0;9
3;58730.0;Vinnie;Vinnie;SEASHELLS;9872.0;8
3;58751.0;Vinnie;Vinnie;SEASHELLS;9878.0;5
3;58770.0;Vinnie;Raj;SEASHELLS;9878.0;8
3;58776.0;Vinnie;Vinnie;SEASHELLS;9874.0;7
3;58809.0;Vinnie;Vinnie;SEASHELLS;9882.0;10
3;58840.0;Vinnie;Vinnie;SEASHELLS;9884.0;7
3;58857.0;Vinnie;Rhianna;SEASHELLS;9884.0;3
3;58876.0;Vinnie;Vinnie;SEASHELLS;9889.0;10
3;58905.0;Raj;Vinnie;SEASHELLS;9887.0;6
3;58911.0;Vinnie;Vinnie;SEASHELLS;9888.0;9
3;58925.0;Vinnie;Vinnie;SEASHELLS;9885.0;6
3;58952.0;Rhianna;Vinnie;SEASHELLS;9884.0;1
3;58957.0;Vinnie;Rhianna;SEASHELLS;9879.0;3
3;58979.0;Vinnie;Raj;SEASHELLS;9881.0;7
3;59027.0;Vinnie;Vinnie;SEASHELLS;9884.0;7
3;59030.0;Raj;Vinnie;SEASHELLS;9887.0;7
3;59051.0;Rhianna;Vinnie;SEASHELLS;9881.0;3
3;59080.0;Vinnie;Vinnie;SEASHELLS;9879.0;6
3;59092.0;Vinnie;Vinnie;SEASHELLS;9881.0;6
3;59098.0;Vinnie;Raj;SEASHELLS;9881.0;8
3;59107.0;Raj;Vinnie;SEASHELLS;9881.0;7
3;59110.0;Vinnie;Rhianna;SEASHELLS;9881.0;2
3;59112.0;Raj;Vinnie;SEASHELLS;9883.0;9
3;59141.0;Vinnie;Rhianna;SEASHELLS;9877.0;3
3;59147.0;Vinnie;Raj;SEASHELLS;9879.0;10
3;59154.0;Raj;Vinnie;SEASHELLS;9882.0;9
3;59174.0;Vinnie;Vinnie;SEASHELLS;9878.0;8
3;59183.0;Vinnie;Raj;SEASHELLS;9879.0;5
3;59195.0;Vinnie;Vinnie;SEASHELLS;9882.0;8
3;59204.0;Vinnie;Rhianna;SEASHELLS;9885.0;2
3;59209.0;Raj;Vinnie;SEASHELLS;9888.0;7
3;59231.0;Vinnie;Rhianna;SEASHELLS;9879.0;3
3;59271.0;Vinnie;Vinnie;SEASHELLS;9878.0;6
3;59286.0;Raj;Vinnie;SEASHELLS;9875.0;9
3;59286.0;Vinnie;Vinnie;SEASHELLS;9874.0;6
3;59302.0;Vinnie;Vinnie;SEASHELLS;9877.0;9
3;59310.0;Vinnie;Vinnie;SEASHELLS;9878.0;8
3;59315.0;Vinnie;Vinnie;SEASHELLS;9879.0;5
3;59337.0;Vinnie;Vinnie;SEASHELLS;9882.0;5
3;59350.0;Vinnie;Vinnie;SEASHELLS;9887.0;6
3;59351.0;Vinnie;Vinnie;SEASHELLS;9887.0;8
3;59417.0;Vinnie;Vinnie;SEASHELLS;9891.0;10
3;59433.0;Rhianna;Vinnie;SEASHELLS;9890.0;3
3;59444.0;Vinnie;Vinnie;SEASHELLS;9888.0;9
3;59450.0;Rhianna;Vinnie;SEASHELLS;9889.0;2
3;59465.0;Vinnie;Vinnie;SEASHELLS;9886.0;7
3;59480.0;Vinnie;Raj;SEASHELLS;9890.0;6
3;59486.0;Vinnie;Vinnie;SEASHELLS;9889.0;8
3;59488.0;Vinnie;Raj;SEASHELLS;9887.0;6
3;59521.0;Vinnie;Vinnie;SEASHELLS;9897.0;5
3;59556.0;Vinnie;Rhianna;SEASHELLS;9897.0;2
3;59568.0;Vinnie;Vinnie;SEASHELLS;9896.0;7
3;59598.0;Raj;Vinnie;SEASHELLS;9890.0;9
3;59633.0;Vinnie;Rhianna;SEASHELLS;9898.0;1
3;59635.0;Vinnie;Raj;SEASHELLS;9897.0;9
3;59669.0;Vinnie;Vinnie;SEASHELLS;9901.0;9
3;59670.0;Vinnie;Rhianna;SEASHELLS;9900.0;3
3;59678.0;Vinnie;Vinnie;SEASHELLS;9895.0;5
3;59680.0;Rhianna;Vinnie;SEASHELLS;9898.0;2
3;59691.0;Vinnie;Vinnie;SEASHELLS;9891.0;6
3;59699.0;Rhianna;Vinnie;SEASHELLS;9889.0;1
3;59707.0;Vinnie;Vinnie;SEASHELLS;9889.0;8
3;59713.0;Raj;Vinnie;SEASHELLS;9885.0;7
3;59742.0;Vinnie;Vinnie;SEASHELLS;9885.0;5
3;59747.0;Vinnie;Vinnie;SEASHELLS;9883.0;7
3;59762.0;Vinnie;Vinnie;SEASHELLS;9881.0;5
3;59782.0;Vinnie;Vinnie;SEASHELLS;9883.0;6
3;59783.0;Vinnie;Vinnie;SEASHELLS;9881.0;5
3;59802.0;Vinnie;Vinnie;SEASHELLS;9882.0;8
3;59813.0;Rhianna;Vinnie;SEASHELLS;9886.0;1
3;59835.0;Raj;Vinnie;SEASHELLS;9884.0;6
3;59835.0;Vinnie;Vinnie;SEASHELLS;9883.0;5
3;59843.0;Rhianna;Vinnie;SEASHELLS;9882.0;3
3;59863.0;Vinnie;Raj;SEASHELLS;9878.0;9
3;59898.0;Rhianna;Vinnie;SEASHELLS;9879.0;3
3;59898.0;Raj;Vinnie;SEASHELLS;9879.0;5
3;59921.0;Vinnie;Raj;SEASHELLS;9887.0;9
3;59933.0;Rhianna;Vinnie;SEASHELLS;9888.0;3
3;59938.0;Raj;Vinnie;SEASHELLS;9887.0;7
3;59939.0;Vinnie;Vinnie;SEASHELLS;9885.0;6
3;59942.0;Vinnie;Vinnie;SEASHELLS;9883.0;9
3;59944.0;Rhianna;Vinnie;SEASHELLS;9885.0;3
3;59950.0;Vinnie;Vinnie;SEASHELLS;9885.0;9
3;59956.0;Vinnie;Vinnie;SEASHELLS;9887.0;8
3;59972.0;Vinnie;Vinnie;SEASHELLS;9885.0;9
3;59973.0;Vinnie;Vinnie;SEASHELLS;9883.0;8
3;59987.0;Vinnie;Raj;SEASHELLS;9887.0;5
