day;timestamp;bid_price_1;bid_volume_1;bid_price_2;bid_volume_2;bid_price_3;bid_volume_3;ask_price_1;ask_volume_1;ask_price_2;ask_volume_2;ask_price_3;ask_volume_3;mid_price;profit_and_loss
1;30001.0;9999.0;200.0;0.0;0.0;0.0;0.0;10001;200;0.0;0.0;0.0;0.0;10000.0;0.0
1;30002.0;9999.0;104.0;9998.0;44.0;0.0;0.0;10000;104;10001.0;44.0;0.0;0.0;9999.5;0.0
1;30003.0;9998.0;133.0;9997.0;62.0;0.0;0.0;9999;133;10000.0;62.0;0.0;0.0;9998.5;0.0
1;30004.0;9999.0;149.0;9998.0;51.0;0.0;0.0;10000;149;10001.0;51.0;0.0;0.0;9999.5;0.0
1;30005.0;9998.0;108.0;9997.0;63.0;0.0;0.0;9999;103;10000.0;63.0;0.0;0.0;9998.5;0.0
1;30006.0;9996.0;114.0;9995.0;42.0;0.0;0.0;9997;114;9998.0;42.0;0.0;0.0;9996.5;0.0
1;30007.0;9996.0;206.0;0.0;0.0;0.0;0.0;9998;141;9999.0;65.0;0.0;0.0;9997.0;0.0
1;30008.0;9997.0;125.0;9996.0;65.0;0.0;0.0;9999;190;0.0;0.0;0.0;0.0;9998.0;0.0
1;30009.0;9996.0;162.0;0.0;0.0;0.0;0.0;9998;119;9999.0;43.0;0.0;0.0;9997.0;0.0
1;30010.0;9996.0;116.0;9995.0;72.0;0.0;0.0;9997;116;9998.0;72.0;0.0;0.0;9996.5;0.0
1;30011.0;9999.0;103.0;9998.0;75.0;0.0;0.0;10000;103;10001.0;75.0;0.0;0.0;9999.5;0.0
1;30012.0;9997.0;158.0;0.0;0.0;0.0;0.0;9999;105;10000.0;53.0;0.0;0.0;9998.0;0.0
1;30013.0;9997.0;116.0;9996.0;59.0;0.0;0.0;9998;116;9999.0;59.0;0.0;0.0;9997.5;0.0
1;30014.0;9998.0;112.0;9997.0;52.0;0.0;0.0;10000;164;0.0;0.0;0.0;0.0;9999.0;0.0
1;30015.0;9999.0;116.0;9998.0;78.0;0.0;0.0;10000;116;10001.0;78.0;0.0;0.0;9999.5;0.0
1;30016.0;10001.0;104.0;10000.0;74.0;0.0;0.0;10002;104;10003.0;74.0;0.0;0.0;10001.5;0.0
1;30017.0;10001.0;172.0;0.0;0.0;0.0;0.0;10003;130;10004.0;42.0;0.0;0.0;10002.0;0.0
1;30018.0;10001.0;107.0;10000.0;69.0;0.0;0.0;10002;107;10003.0;69.0;0.0;0.0;10001.5;0.0
1;30019.0;10001.0;116.0;10000.0;67.0;0.0;0.0;10003;175;0.0;0.0;0.0;0.0;10002.0;0.0
1;30020.0;10000.0;219.0;0.0;0.0;0.0;0.0;10002;141;10003.0;78.0;0.0;0.0;10001.0;0.0
1;30021.0;10001.0;198.0;0.0;0.0;0.0;0.0;10003;143;10004.0;55.0;0.0;0.0;10002.0;0.0
1;30022.0;10002.0;148.0;10001.0;57.0;0.0;0.0;10003;148;10004.0;57.0;0.0;0.0;10002.5;0.0
1;30023.0;10001.0;140.0;10000.0;62.0;0.0;0.0;10002;140;10003.0;62.0;0.0;0.0;10001.5;0.0
1;30024.0;10001.0;114.0;10000.0;40.0;0.0;0.0;10003;154;0.0;0.0;0.0;0.0;10002.0;0.0
1;30025.0;10000.0;105.0;9999.0;53.0;0.0;0.0;10002;158;0.0;0.0;0.0;0.0;10001.0;0.0
1;30026.0;10000.0;190.0;0.0;0.0;0.0;0.0;10002;131;10003.0;59.0;0.0;0.0;10001.0;0.0
1;30027.0;10000.0;126.0;9999.0;77.0;0.0;0.0;10001;126;10002.0;77.0;0.0;0.0;10000.5;0.0
1;30028.0;10000.0;105.0;9999.0;41.0;0.0;0.0;10002;146;0.0;0.0;0.0;0.0;10001.0;0.0
1;30029.0;9998.0;143.0;9997.0;41.0;0.0;0.0;9999;143;10000.0;41.0;0.0;0.0;9998.5;0.0
1;30030.0;9998.0;106.0;9997.0;46.0;0.0;0.0;10000;152;0.0;0.0;0.0;0.0;9999.0;0.0
1;30031.0;9997.0;134.0;9996.0;54.0;0.0;0.0;9998;134;9999.0;54.0;0.0;0.0;9997.5;0.0
1;30032.0;9998.0;123.0;9997.0;41.0;0.0;0.0;9999;123;10000.0;41.0;0.0;0.0;9998.5;0.0
1;30033.0;9997.0;100.0;9996.0;73.0;0.0;0.0;9998;100;9999.0;73.0;0.0;0.0;9997.5;0.0
1;30034.0;9996.0;129.0;9995.0;62.0;0.0;0.0;9998;191;0.0;0.0;0.0;0.0;9997.0;0.0
1;30035.0;9995.0;207.0;0.0;0.0;0.0;0.0;9997;142;9998.0;65.0;0.0;0.0;9996.0;0.0
1;30036.0;9996.0;105.0;9995.0;73.0;0.0;0.0;9997;105;9998.0;73.0;0.0;0.0;9996.5;0.0
1;30037.0;9997.0;121.0;9996.0;65.0;0.0;0.0;9998;121;9999.0;65.0;0.0;0.0;9997.5;0.0
1;30038.0;9997.0;128.0;9996.0;63.0;0.0;0.0;9998;128;9999.0;63.0;0.0;0.0;9997.5;0.0
1;30039.0;9997.0;100.0;9996.0;60.0;0.0;0.0;9998;100;9999.0;60.0;0.0;0.0;9997.5;0.0
1;30040.0;9997.0;119.0;9996.0;79.0;0.0;0.0;9998;119;9999.0;79.0;0.0;0.0;9997.5;0.0
1;30041.0;9997.0;146.0;9996.0;52.0;0.0;0.0;9998;146;9999.0;52.0;0.0;0.0;9997.5;0.0
1;30042.0;9997.0;143.0;9996.0;67.0;0.0;0.0;9998;143;9999.0;67.0;0.0;0.0;9997.5;0.0
1;30043.0;9996.0;140.0;9995.0;51.0;0.0;0.0;9998;191;0.0;0.0;0.0;0.0;9997.0;0.0
1;30044.0;9996.0;138.0;9995.0;76.0;0.0;0.0;9998;214;0.0;0.0;0.0;0.0;9997.0;0.0
1;30045.0;9998.0;141.0;9997.0;44.0;0.0;0.0;9999;141;10000.0;44.0;0.0;0.0;9998.5;0.0
1;30046.0;9999.0;136.0;9998.0;78.0;0.0;0.0;10000;136;10001.0;78.0;0.0;0.0;9999.5;0.0
1;30047.0;9997.0;112.0;9996.0;70.0;0.0;0.0;9998;112;9999.0;70.0;0.0;0.0;9997.5;0.0
1;30048.0;9997.0;133.0;9996.0;66.0;0.0;0.0;9998;133;9999.0;66.0;0.0;0.0;9997.5;0.0
1;30049.0;9997.0;112.0;9996.0;67.0;0.0;0.0;9998;112;9999.0;67.0;0.0;0.0;9997.5;0.0
1;30050.0;9996.0;187.0;0.0;0.0;0.0;0.0;9998;122;9999.0;65.0;0.0;0.0;9997.0;0.0
1;30051.0;9996.0;129.0;9995.0;62.0;0.0;0.0;9997;129;9998.0;62.0;0.0;0.0;9996.5;0.0
1;30052.0;9996.0;128.0;9995.0;42.0;0.0;0.0;9997;128;9998.0;42.0;0.0;0.0;9996.5;0.0
1;30053.0;9997.0;99.0;9996.0;64.0;0.0;0.0;9998;107;9999.0;64.0;0.0;0.0;9997.5;0.0
1;30054.0;9998.0;131.0;9997.0;69.0;0.0;0.0;9999;131;10000.0;69.0;0.0;0.0;9998.5;0.0
1;30055.0;9998.0;119.0;9997.0;51.0;0.0;0.0;9999;119;10000.0;51.0;0.0;0.0;9998.5;0.0
1;30056.0;9999.0;147.0;9998.0;49.0;0.0;0.0;10000;147;10001.0;49.0;0.0;0.0;9999.5;0.0
1;30057.0;9999.0;111.0;9998.0;58.0;0.0;0.0;10000;111;10001.0;58.0;0.0;0.0;9999.5;0.0
1;30058.0;9999.0;127.0;9998.0;69.0;0.0;0.0;10001;189;0.0;0.0;0.0;0.0;10000.0;0.0
1;30059.0;9999.0;135.0;9998.0;58.0;0.0;0.0;10000;135;10001.0;58.0;0.0;0.0;9999.5;0.0
1;30060.0;9997.0;168.0;0.0;0.0;0.0;0.0;9999;107;10000.0;61.0;0.0;0.0;9998.0;0.0
1;30061.0;9997.0;125.0;9996.0;48.0;0.0;0.0;9998;125;9999.0;48.0;0.0;0.0;9997.5;0.0
1;30062.0;9997.0;120.0;9996.0;42.0;0.0;0.0;9999;162;0.0;0.0;0.0;0.0;9998.0;0.0
1;30063.0;9998.0;190.0;0.0;0.0;0.0;0.0;10000;121;10001.0;69.0;0.0;0.0;9999.0;0.0
1;30064.0;9999.0;142.0;9998.0;63.0;0.0;0.0;10000;142;10001.0;63.0;0.0;0.0;9999.5;0.0
1;30065.0;10001.0;102.0;10000.0;60.0;0.0;0.0;10002;102;10003.0;60.0;0.0;0.0;10001.5;0.0
1;30066.0;10002.0;148.0;10001.0;45.0;0.0;0.0;10003;148;10004.0;45.0;0.0;0.0;10002.5;0.0
1;30067.0;10002.0;121.0;10001.0;67.0;0.0;0.0;10003;121;10004.0;67.0;0.0;0.0;10002.5;0.0
1;30068.0;10002.0;7.0;10001.0;181.0;0.0;0.0;10003;127;10004.0;54.0;0.0;0.0;10002.5;0.0
1;30069.0;10004.0;115.0;10003.0;58.0;0.0;0.0;10005;115;10006.0;58.0;0.0;0.0;10004.5;0.0
1;30070.0;10003.0;157.0;0.0;0.0;0.0;0.0;10005;105;10006.0;52.0;0.0;0.0;10004.0;0.0
1;30071.0;10002.0;173.0;0.0;0.0;0.0;0.0;10004;120;10005.0;53.0;0.0;0.0;10003.0;0.0
1;30072.0;10003.0;101.0;10002.0;56.0;0.0;0.0;10004;101;10005.0;56.0;0.0;0.0;10003.5;0.0
1;30073.0;10002.0;115.0;10001.0;41.0;0.0;0.0;10004;156;0.0;0.0;0.0;0.0;10003.0;0.0
1;30074.0;10003.0;100.0;10002.0;68.0;0.0;0.0;10004;100;10005.0;68.0;0.0;0.0;10003.5;0.0
1;30075.0;10001.0;203.0;0.0;0.0;0.0;0.0;10003;127;10004.0;76.0;0.0;0.0;10002.0;0.0
1;30076.0;10002.0;183.0;0.0;0.0;0.0;0.0;10004;113;10005.0;70.0;0.0;0.0;10003.0;0.0
1;30077.0;10003.0;205.0;0.0;0.0;0.0;0.0;10004;7;10005.0;141.0;10006.0;64.0;10003.5;0.0
1;30078.0;10003.0;103.0;10002.0;60.0;0.0;0.0;10004;103;10005.0;60.0;0.0;0.0;10003.5;0.0
1;30079.0;10002.0;125.0;10001.0;73.0;0.0;0.0;10003;125;10004.0;73.0;0.0;0.0;10002.5;0.0
1;30080.0;10002.0;140.0;10001.0;51.0;0.0;0.0;10004;191;0.0;0.0;0.0;0.0;10003.0;0.0
1;30081.0;10003.0;208.0;0.0;0.0;0.0;0.0;10005;131;10006.0;77.0;0.0;0.0;10004.0;0.0
1;30082.0;10003.0;112.0;10002.0;44.0;0.0;0.0;10004;112;10005.0;44.0;0.0;0.0;10003.5;0.0
1;30083.0;10003.0;139.0;10002.0;78.0;0.0;0.0;10004;139;10005.0;78.0;0.0;0.0;10003.5;0.0
1;30084.0;10004.0;106.0;10003.0;46.0;0.0;0.0;10005;106;10006.0;46.0;0.0;0.0;10004.5;0.0
1;30085.0;10004.0;165.0;0.0;0.0;0.0;0.0;10006;117;10007.0;48.0;0.0;0.0;10005.0;0.0
1;30086.0;10004.0;206.0;0.0;0.0;0.0;0.0;10006;127;10007.0;79.0;0.0;0.0;10005.0;0.0
1;30087.0;10005.0;144.0;10004.0;52.0;0.0;0.0;10006;144;10007.0;52.0;0.0;0.0;10005.5;0.0
1;30088.0;10005.0;124.0;10004.0;43.0;0.0;0.0;10006;124;10007.0;43.0;0.0;0.0;10005.5;0.0
1;30089.0;10004.0;224.0;0.0;0.0;0.0;0.0;10006;149;10007.0;75.0;0.0;0.0;10005.0;0.0
1;30090.0;10004.0;191.0;0.0;0.0;0.0;0.0;10005;6;10006.0;121.0;10007.0;70.0;10004.5;0.0
1;30091.0;10002.0;111.0;10001.0;47.0;0.0;0.0;10003;111;10004.0;47.0;0.0;0.0;10002.5;0.0
1;30092.0;10002.0;139.0;10001.0;54.0;0.0;0.0;10003;139;10004.0;54.0;0.0;0.0;10002.5;0.0
1;30093.0;10003.0;139.0;10002.0;66.0;0.0;0.0;10004;139;10005.0;66.0;0.0;0.0;10003.5;0.0
1;30094.0;10003.0;197.0;0.0;0.0;0.0;0.0;10005;133;10006.0;64.0;0.0;0.0;10004.0;0.0
1;30095.0;10003.0;107.0;10002.0;72.0;0.0;0.0;10004;101;10005.0;72.0;0.0;0.0;10003.5;0.0
1;30096.0;10005.0;148.0;10004.0;42.0;0.0;0.0;10006;148;10007.0;42.0;0.0;0.0;10005.5;0.0
1;30097.0;10006.0;127.0;10005.0;61.0;0.0;0.0;10007;127;10008.0;61.0;0.0;0.0;10006.5;0.0
1;30098.0;10005.0;120.0;10004.0;43.0;0.0;0.0;10007;163;0.0;0.0;0.0;0.0;10006.0;0.0
1;30099.0;10005.0;137.0;10004.0;77.0;0.0;0.0;10007;214;0.0;0.0;0.0;0.0;10006.0;0.0
1;30100.0;10005.0;102.0;10004.0;58.0;0.0;0.0;10006;102;10007.0;58.0;0.0;0.0;10005.5;0.0
1;30101.0;10004.0;106.0;10003.0;53.0;0.0;0.0;10005;106;10006.0;53.0;0.0;0.0;10004.5;0.0
1;30102.0;10005.0;118.0;10004.0;72.0;0.0;0.0;10006;118;10007.0;72.0;0.0;0.0;10005.5;0.0
1;30103.0;10006.0;124.0;10005.0;77.0;0.0;0.0;10007;124;10008.0;77.0;0.0;0.0;10006.5;0.0
1;30104.0;10005.0;101.0;10004.0;62.0;0.0;0.0;10007;163;0.0;0.0;0.0;0.0;10006.0;0.0
1;30105.0;10005.0;101.0;10004.0;63.0;0.0;0.0;10007;164;0.0;0.0;0.0;0.0;10006.0;0.0
1;30106.0;10006.0;133.0;10005.0;45.0;0.0;0.0;10007;133;10008.0;45.0;0.0;0.0;10006.5;0.0
1;30107.0;10005.0;142.0;10004.0;59.0;0.0;0.0;10007;193;0.0;0.0;0.0;0.0;10006.0;0.0
1;30108.0;10006.0;149.0;10005.0;44.0;0.0;0.0;10008;193;0.0;0.0;0.0;0.0;10007.0;0.0
1;30109.0;10007.0;106.0;10006.0;46.0;0.0;0.0;10008;106;10009.0;46.0;0.0;0.0;10007.5;0.0
1;30110.0;10007.0;140.0;10006.0;65.0;0.0;0.0;10008;150;10009.0;65.0;0.0;0.0;10007.5;0.0
1;30111.0;10005.0;162.0;0.0;0.0;0.0;0.0;10007;107;10008.0;55.0;0.0;0.0;10006.0;0.0
1;30112.0;10007.0;130.0;10006.0;74.0;0.0;0.0;10008;130;10009.0;74.0;0.0;0.0;10007.5;0.0
1;30113.0;10004.0;204.0;0.0;0.0;0.0;0.0;10006;148;10007.0;56.0;0.0;0.0;10005.0;0.0
1;30114.0;10004.0;181.0;0.0;0.0;0.0;0.0;10006;119;10007.0;62.0;0.0;0.0;10005.0;0.0
1;30115.0;10005.0;209.0;0.0;0.0;0.0;0.0;10007;145;10008.0;64.0;0.0;0.0;10006.0;0.0
1;30116.0;10005.0;209.0;0.0;0.0;0.0;0.0;10007;144;10008.0;65.0;0.0;0.0;10006.0;0.0
1;30117.0;10005.0;117.0;10004.0;62.0;0.0;0.0;10006;117;10007.0;62.0;0.0;0.0;10005.5;0.0
1;30118.0;10004.0;145.0;10003.0;45.0;0.0;0.0;10006;190;0.0;0.0;0.0;0.0;10005.0;0.0
1;30119.0;10003.0;130.0;10002.0;61.0;0.0;0.0;10004;130;10005.0;61.0;0.0;0.0;10003.5;0.0
1;30120.0;10004.0;102.0;10003.0;75.0;0.0;0.0;10006;177;0.0;0.0;0.0;0.0;10005.0;0.0
1;30121.0;10005.0;134.0;10004.0;73.0;0.0;0.0;10006;134;10007.0;73.0;0.0;0.0;10005.5;0.0
1;30122.0;10004.0;101.0;10003.0;66.0;0.0;0.0;10005;101;10006.0;66.0;0.0;0.0;10004.5;0.0
1;30123.0;10005.0;159.0;0.0;0.0;0.0;0.0;10007;113;10008.0;46.0;0.0;0.0;10006.0;0.0
1;30124.0;10005.0;131.0;10004.0;63.0;0.0;0.0;10006;131;10007.0;63.0;0.0;0.0;10005.5;0.0
1;30125.0;10005.0;194.0;0.0;0.0;0.0;0.0;10007;119;10008.0;75.0;0.0;0.0;10006.0;0.0
1;30126.0;10003.0;173.0;0.0;0.0;0.0;0.0;10005;104;10006.0;69.0;0.0;0.0;10004.0;0.0
1;30127.0;10003.0;226.0;0.0;0.0;0.0;0.0;10005;149;10006.0;77.0;0.0;0.0;10004.0;0.0
1;30128.0;10004.0;143.0;10003.0;76.0;0.0;0.0;10006;219;0.0;0.0;0.0;0.0;10005.0;0.0
1;30129.0;10004.0;119.0;10003.0;65.0;0.0;0.0;10006;184;0.0;0.0;0.0;0.0;10005.0;0.0
1;30130.0;10003.0;173.0;0.0;0.0;0.0;0.0;10005;104;10006.0;69.0;0.0;0.0;10004.0;0.0
1;30131.0;10004.0;157.0;0.0;0.0;0.0;0.0;10006;117;10007.0;40.0;0.0;0.0;10005.0;0.0
1;30132.0;10004.0;5.0;10003.0;185.0;0.0;0.0;10005;136;10006.0;49.0;0.0;0.0;10004.5;0.0
1;30133.0;10005.0;103.0;10004.0;42.0;0.0;0.0;10006;103;10007.0;42.0;0.0;0.0;10005.5;0.0
1;30134.0;10004.0;166.0;0.0;0.0;0.0;0.0;10006;116;10007.0;50.0;0.0;0.0;10005.0;0.0
1;30135.0;10004.0;171.0;0.0;0.0;0.0;0.0;10006;118;10007.0;53.0;0.0;0.0;10005.0;0.0
1;30136.0;10005.0;129.0;10004.0;63.0;0.0;0.0;10006;129;10007.0;63.0;0.0;0.0;10005.5;0.0
1;30137.0;10005.0;121.0;10004.0;40.0;0.0;0.0;10007;161;0.0;0.0;0.0;0.0;10006.0;0.0
1;30138.0;10007.0;101.0;10006.0;52.0;0.0;0.0;10009;153;0.0;0.0;0.0;0.0;10008.0;0.0
1;30139.0;10007.0;198.0;0.0;0.0;0.0;0.0;10009;130;10010.0;68.0;0.0;0.0;10008.0;0.0
1;30140.0;10006.0;120.0;10005.0;53.0;0.0;0.0;10007;120;10008.0;53.0;0.0;0.0;10006.5;0.0
1;30141.0;10006.0;138.0;10005.0;73.0;0.0;0.0;10008;211;0.0;0.0;0.0;0.0;10007.0;0.0
1;30142.0;10005.0;121.0;10004.0;48.0;0.0;0.0;10007;169;0.0;0.0;0.0;0.0;10006.0;0.0
1;30143.0;10005.0;103.0;10004.0;40.0;0.0;0.0;10006;103;10007.0;40.0;0.0;0.0;10005.5;0.0
1;30144.0;10004.0;189.0;0.0;0.0;0.0;0.0;10006;140;10007.0;49.0;0.0;0.0;10005.0;0.0
1;30145.0;10004.0;193.0;0.0;0.0;0.0;0.0;10005;9;10006.0;129.0;10007.0;64.0;10004.5;0.0
1;30146.0;10006.0;130.0;10005.0;62.0;0.0;0.0;10007;130;10008.0;62.0;0.0;0.0;10006.5;0.0
1;30147.0;10006.0;114.0;10005.0;53.0;0.0;0.0;10007;114;10008.0;53.0;0.0;0.0;10006.5;0.0
1;30148.0;10005.0;111.0;10004.0;49.0;0.0;0.0;10007;160;0.0;0.0;0.0;0.0;10006.0;0.0
1;30149.0;10004.0;177.0;0.0;0.0;0.0;0.0;10006;107;10007.0;70.0;0.0;0.0;10005.0;0.0
1;30150.0;10004.0;121.0;10003.0;47.0;0.0;0.0;10005;131;10006.0;47.0;0.0;0.0;10004.5;0.0
1;30151.0;10003.0;118.0;10002.0;61.0;0.0;0.0;10005;179;0.0;0.0;0.0;0.0;10004.0;0.0
1;30152.0;10003.0;178.0;0.0;0.0;0.0;0.0;10005;106;10006.0;72.0;0.0;0.0;10004.0;0.0
1;30153.0;10003.0;187.0;0.0;0.0;0.0;0.0;10005;109;10006.0;78.0;0.0;0.0;10004.0;0.0
1;30154.0;10004.0;100.0;10003.0;75.0;0.0;0.0;10006;175;0.0;0.0;0.0;0.0;10005.0;0.0
1;30155.0;10002.0;116.0;10001.0;54.0;0.0;0.0;10003;116;10004.0;54.0;0.0;0.0;10002.5;0.0
1;30156.0;10003.0;119.0;10002.0;65.0;0.0;0.0;10004;119;10005.0;65.0;0.0;0.0;10003.5;0.0
1;30157.0;10003.0;157.0;0.0;0.0;0.0;0.0;10005;103;10006.0;54.0;0.0;0.0;10004.0;0.0
1;30158.0;10001.0;134.0;10000.0;56.0;0.0;0.0;10002;134;10003.0;56.0;0.0;0.0;10001.5;0.0
1;30159.0;10002.0;107.0;10001.0;56.0;0.0;0.0;10004;163;0.0;0.0;0.0;0.0;10003.0;0.0
1;30160.0;10002.0;133.0;10001.0;53.0;0.0;0.0;10004;186;0.0;0.0;0.0;0.0;10003.0;0.0
1;30161.0;10001.0;105.0;10000.0;46.0;0.0;0.0;10002;113;10003.0;46.0;0.0;0.0;10001.5;0.0
1;30162.0;10001.0;143.0;10000.0;76.0;0.0;0.0;10002;134;10003.0;76.0;0.0;0.0;10001.5;0.0
1;30163.0;10000.0;105.0;9999.0;76.0;0.0;0.0;10001;115;10002.0;76.0;0.0;0.0;10000.5;0.0
1;30164.0;9999.0;158.0;0.0;0.0;0.0;0.0;10001;104;10002.0;54.0;0.0;0.0;10000.0;0.0
1;30165.0;10000.0;122.0;9999.0;44.0;0.0;0.0;10002;166;0.0;0.0;0.0;0.0;10001.0;0.0
1;30166.0;10001.0;137.0;10000.0;44.0;0.0;0.0;10003;181;0.0;0.0;0.0;0.0;10002.0;0.0
1;30167.0;10002.0;113.0;10001.0;68.0;0.0;0.0;10004;181;0.0;0.0;0.0;0.0;10003.0;0.0
1;30168.0;10002.0;108.0;10001.0;60.0;0.0;0.0;10003;108;10004.0;60.0;0.0;0.0;10002.5;0.0
1;30169.0;10000.0;126.0;9999.0;41.0;0.0;0.0;10001;126;10002.0;41.0;0.0;0.0;10000.5;0.0
1;30170.0;9999.0;115.0;9998.0;61.0;0.0;0.0;10001;176;0.0;0.0;0.0;0.0;10000.0;0.0
1;30171.0;10000.0;9.0;9999.0;209.0;0.0;0.0;10001;140;10002.0;69.0;0.0;0.0;10000.5;0.0
1;30172.0;10000.0;92.0;9999.0;54.0;0.0;0.0;10002;156;0.0;0.0;0.0;0.0;10001.0;0.0
1;30173.0;10000.0;109.0;9999.0;71.0;0.0;0.0;10002;180;0.0;0.0;0.0;0.0;10001.0;0.0
1;30174.0;9999.0;119.0;9998.0;62.0;0.0;0.0;10001;181;0.0;0.0;0.0;0.0;10000.0;0.0
1;30175.0;9999.0;128.0;9998.0;48.0;0.0;0.0;10000;128;10001.0;48.0;0.0;0.0;9999.5;0.0
1;30176.0;9998.0;116.0;9997.0;69.0;0.0;0.0;9999;116;10000.0;69.0;0.0;0.0;9998.5;0.0
1;30177.0;9997.0;180.0;0.0;0.0;0.0;0.0;9999;126;10000.0;54.0;0.0;0.0;9998.0;0.0
1;30178.0;9996.0;116.0;9995.0;60.0;0.0;0.0;9997;116;9998.0;60.0;0.0;0.0;9996.5;0.0
1;30179.0;9995.0;158.0;0.0;0.0;0.0;0.0;9997;105;9998.0;53.0;0.0;0.0;9996.0;0.0
1;30180.0;9996.0;121.0;9995.0;80.0;0.0;0.0;9998;201;0.0;0.0;0.0;0.0;9997.0;0.0
1;30181.0;9995.0;102.0;9994.0;58.0;0.0;0.0;9997;160;0.0;0.0;0.0;0.0;9996.0;0.0
1;30182.0;9996.0;134.0;9995.0;52.0;0.0;0.0;9998;186;0.0;0.0;0.0;0.0;9997.0;0.0
1;30183.0;9994.0;103.0;9993.0;47.0;0.0;0.0;9995;103;9996.0;47.0;0.0;0.0;9994.5;0.0
1;30184.0;9994.0;195.0;0.0;0.0;0.0;0.0;9996;149;9997.0;46.0;0.0;0.0;9995.0;0.0
1;30185.0;9993.0;131.0;9992.0;45.0;0.0;0.0;9995;176;0.0;0.0;0.0;0.0;9994.0;0.0
1;30186.0;9993.0;102.0;9992.0;56.0;0.0;0.0;9994;102;9995.0;56.0;0.0;0.0;9993.5;0.0
1;30187.0;9993.0;107.0;9992.0;48.0;0.0;0.0;9994;107;9995.0;48.0;0.0;0.0;9993.5;0.0
1;30188.0;9994.0;149.0;9993.0;58.0;0.0;0.0;9995;149;9996.0;58.0;0.0;0.0;9994.5;0.0
1;30189.0;9992.0;115.0;9991.0;64.0;0.0;0.0;9993;115;9994.0;64.0;0.0;0.0;9992.5;0.0
1;30190.0;9992.0;140.0;9991.0;69.0;0.0;0.0;9993;140;9994.0;69.0;0.0;0.0;9992.5;0.0
1;30191.0;9990.0;107.0;9989.0;62.0;0.0;0.0;9992;169;0.0;0.0;0.0;0.0;9991.0;0.0
1;30192.0;9990.0;104.0;9989.0;60.0;0.0;0.0;9992;164;0.0;0.0;0.0;0.0;9991.0;0.0
1;30193.0;9990.0;125.0;9989.0;63.0;0.0;0.0;9991;125;9992.0;63.0;0.0;0.0;9990.5;0.0
1;30194.0;9990.0;122.0;9989.0;44.0;0.0;0.0;9992;166;0.0;0.0;0.0;0.0;9991.0;0.0
1;30195.0;9989.0;124.0;9988.0;50.0;0.0;0.0;9991;174;0.0;0.0;0.0;0.0;9990.0;0.0
1;30196.0;9989.0;106.0;9988.0;47.0;0.0;0.0;9990;106;9991.0;47.0;0.0;0.0;9989.5;0.0
1;30197.0;9988.0;111.0;9987.0;43.0;0.0;0.0;9989;111;9990.0;43.0;0.0;0.0;9988.5;0.0
1;30198.0;9988.0;125.0;9987.0;76.0;0.0;0.0;9989;125;9990.0;76.0;0.0;0.0;9988.5;0.0
1;30199.0;9988.0;184.0;0.0;0.0;0.0;0.0;9990;136;9991.0;48.0;0.0;0.0;9989.0;0.0
1;30200.0;9989.0;105.0;9988.0;52.0;0.0;0.0;9990;105;9991.0;52.0;0.0;0.0;9989.5;0.0
1;30201.0;9989.0;122.0;9988.0;70.0;0.0;0.0;9990;122;9991.0;70.0;0.0;0.0;9989.5;0.0
1;30202.0;9990.0;106.0;9989.0;46.0;0.0;0.0;9991;111;9992.0;46.0;0.0;0.0;9990.5;0.0
1;30203.0;9990.0;106.0;9989.0;78.0;0.0;0.0;9992;184;0.0;0.0;0.0;0.0;9991.0;0.0
1;30204.0;9991.0;189.0;0.0;0.0;0.0;0.0;9993;137;9994.0;52.0;0.0;0.0;9992.0;0.0
1;30205.0;9992.0;130.0;9991.0;70.0;0.0;0.0;9993;130;9994.0;70.0;0.0;0.0;9992.5;0.0
1;30206.0;9991.0;142.0;0.0;0.0;0.0;0.0;9993;100;9994.0;42.0;0.0;0.0;9992.0;0.0
1;30207.0;9992.0;114.0;9991.0;48.0;0.0;0.0;9993;114;9994.0;48.0;0.0;0.0;9992.5;0.0
1;30208.0;9993.0;105.0;9992.0;47.0;0.0;0.0;9995;152;0.0;0.0;0.0;0.0;9994.0;0.0
1;30209.0;9993.0;137.0;9992.0;63.0;0.0;0.0;9994;137;9995.0;63.0;0.0;0.0;9993.5;0.0
1;30210.0;9993.0;134.0;9992.0;66.0;0.0;0.0;9995;200;0.0;0.0;0.0;0.0;9994.0;0.0
1;30211.0;9992.0;207.0;0.0;0.0;0.0;0.0;9994;138;9995.0;69.0;0.0;0.0;9993.0;0.0
1;30212.0;9993.0;208.0;0.0;0.0;0.0;0.0;9995;147;9996.0;61.0;0.0;0.0;9994.0;0.0
1;30213.0;9993.0;115.0;9992.0;70.0;0.0;0.0;9994;115;9995.0;70.0;0.0;0.0;9993.5;0.0
1;30214.0;9991.0;141.0;9990.0;78.0;0.0;0.0;9992;141;9993.0;78.0;0.0;0.0;9991.5;0.0
1;30215.0;9992.0;150.0;9991.0;42.0;0.0;0.0;9993;150;9994.0;42.0;0.0;0.0;9992.5;0.0
1;30216.0;9990.0;128.0;9989.0;58.0;0.0;0.0;9992;186;0.0;0.0;0.0;0.0;9991.0;0.0
1;30217.0;9992.0;144.0;9991.0;76.0;0.0;0.0;9993;144;9994.0;76.0;0.0;0.0;9992.5;0.0
1;30218.0;9991.0;127.0;9990.0;47.0;0.0;0.0;9992;121;9993.0;47.0;0.0;0.0;9991.5;0.0
1;30219.0;9990.0;115.0;9989.0;43.0;0.0;0.0;9991;115;9992.0;43.0;0.0;0.0;9990.5;0.0
1;30220.0;9988.0;200.0;0.0;0.0;0.0;0.0;9990;147;9991.0;53.0;0.0;0.0;9989.0;0.0
1;30221.0;9989.0;109.0;9988.0;46.0;0.0;0.0;9991;155;0.0;0.0;0.0;0.0;9990.0;0.0
1;30222.0;9989.0;141.0;9988.0;72.0;0.0;0.0;9990;141;9991.0;72.0;0.0;0.0;9989.5;0.0
1;30223.0;9989.0;123.0;9988.0;66.0;0.0;0.0;9991;189;0.0;0.0;0.0;0.0;9990.0;0.0
1;30224.0;9988.0;134.0;9987.0;64.0;0.0;0.0;9990;198;0.0;0.0;0.0;0.0;9989.0;0.0
1;30225.0;9989.0;110.0;9988.0;75.0;0.0;0.0;9991;185;0.0;0.0;0.0;0.0;9990.0;0.0
1;30226.0;9989.0;110.0;9988.0;75.0;0.0;0.0;9991;185;0.0;0.0;0.0;0.0;9990.0;0.0
1;30227.0;9989.0;137.0;9988.0;62.0;0.0;0.0;9991;199;0.0;0.0;0.0;0.0;9990.0;0.0
1;30228.0;9993.0;103.0;9992.0;41.0;0.0;0.0;9994;103;9995.0;41.0;0.0;0.0;9993.5;0.0
1;30229.0;9991.0;192.0;0.0;0.0;0.0;0.0;9993;131;9994.0;61.0;0.0;0.0;9992.0;0.0
1;30230.0;9992.0;143.0;9991.0;64.0;0.0;0.0;9994;207;0.0;0.0;0.0;0.0;9993.0;0.0
1;30231.0;9990.0;212.0;0.0;0.0;0.0;0.0;9992;137;9993.0;75.0;0.0;0.0;9991.0;0.0
1;30232.0;9990.0;129.0;9989.0;72.0;0.0;0.0;9992;201;0.0;0.0;0.0;0.0;9991.0;0.0
1;30233.0;9989.0;124.0;9988.0;70.0;0.0;0.0;9990;124;9991.0;70.0;0.0;0.0;9989.5;0.0
1;30234.0;9988.0;181.0;0.0;0.0;0.0;0.0;9990;107;9991.0;74.0;0.0;0.0;9989.0;0.0
1;30235.0;9988.0;168.0;0.0;0.0;0.0;0.0;9990;116;9991.0;52.0;0.0;0.0;9989.0;0.0
1;30236.0;9987.0;133.0;9986.0;75.0;0.0;0.0;9989;208;0.0;0.0;0.0;0.0;9988.0;0.0
1;30237.0;9988.0;140.0;9987.0;41.0;0.0;0.0;9989;147;9990.0;41.0;0.0;0.0;9988.5;0.0
1;30238.0;9987.0;113.0;9986.0;77.0;0.0;0.0;9988;113;9989.0;77.0;0.0;0.0;9987.5;0.0
1;30239.0;9988.0;103.0;9987.0;52.0;0.0;0.0;9989;108;9990.0;52.0;0.0;0.0;9988.5;0.0
1;30240.0;9987.0;127.0;9986.0;75.0;0.0;0.0;9988;127;9989.0;75.0;0.0;0.0;9987.5;0.0
1;30241.0;9987.0;107.0;9986.0;71.0;0.0;0.0;9988;107;9989.0;71.0;0.0;0.0;9987.5;0.0
1;30242.0;9987.0;146.0;9986.0;63.0;0.0;0.0;9988;146;9989.0;63.0;0.0;0.0;9987.5;0.0
1;30243.0;9986.0;157.0;0.0;0.0;0.0;0.0;9988;111;9989.0;46.0;0.0;0.0;9987.0;0.0
1;30244.0;9987.0;181.0;0.0;0.0;0.0;0.0;9989;127;9990.0;54.0;0.0;0.0;9988.0;0.0
1;30245.0;9990.0;181.0;0.0;0.0;0.0;0.0;9992;115;9993.0;66.0;0.0;0.0;9991.0;0.0
1;30246.0;9990.0;191.0;0.0;0.0;0.0;0.0;9992;138;9993.0;53.0;0.0;0.0;9991.0;0.0
1;30247.0;9990.0;143.0;9989.0;79.0;0.0;0.0;9991;143;9992.0;79.0;0.0;0.0;9990.5;0.0
1;30248.0;9990.0;109.0;9989.0;53.0;0.0;0.0;9991;109;9992.0;53.0;0.0;0.0;9990.5;0.0
1;30249.0;9990.0;197.0;0.0;0.0;0.0;0.0;9992;125;9993.0;72.0;0.0;0.0;9991.0;0.0
1;30250.0;9990.0;103.0;9989.0;50.0;0.0;0.0;9991;109;9992.0;50.0;0.0;0.0;9990.5;0.0
1;30251.0;9992.0;170.0;0.0;0.0;0.0;0.0;9994;106;9995.0;64.0;0.0;0.0;9993.0;0.0
1;30252.0;9991.0;163.0;0.0;0.0;0.0;0.0;9993;103;9994.0;60.0;0.0;0.0;9992.0;0.0
1;30253.0;9992.0;114.0;9991.0;77.0;0.0;0.0;9993;114;9994.0;77.0;0.0;0.0;9992.5;0.0
1;30254.0;9991.0;10.0;9990.0;217.0;0.0;0.0;9992;141;9993.0;76.0;0.0;0.0;9991.5;0.0
1;30255.0;9991.0;101.0;9990.0;49.0;0.0;0.0;9993;160;0.0;0.0;0.0;0.0;9992.0;0.0
1;30256.0;9993.0;115.0;9992.0;41.0;0.0;0.0;9994;115;9995.0;41.0;0.0;0.0;9993.5;0.0
1;30257.0;9992.0;188.0;0.0;0.0;0.0;0.0;9994;142;9995.0;46.0;0.0;0.0;9993.0;0.0
1;30258.0;9993.0;111.0;9992.0;53.0;0.0;0.0;9994;120;9995.0;53.0;0.0;0.0;9993.5;0.0
1;30259.0;9992.0;102.0;9991.0;53.0;0.0;0.0;9993;102;9994.0;53.0;0.0;0.0;9992.5;0.0
1;30260.0;9993.0;162.0;0.0;0.0;0.0;0.0;9995;120;9996.0;42.0;0.0;0.0;9994.0;0.0
1;30261.0;9994.0;115.0;9993.0;40.0;0.0;0.0;9996;155;0.0;0.0;0.0;0.0;9995.0;0.0
1;30262.0;9994.0;125.0;9993.0;49.0;0.0;0.0;9996;174;0.0;0.0;0.0;0.0;9995.0;0.0
1;30263.0;9994.0;132.0;9993.0;42.0;0.0;0.0;9995;132;9996.0;42.0;0.0;0.0;9994.5;0.0
1;30264.0;9995.0;134.0;9994.0;58.0;0.0;0.0;9996;134;9997.0;58.0;0.0;0.0;9995.5;0.0
1;30265.0;9994.0;163.0;0.0;0.0;0.0;0.0;9996;118;9997.0;45.0;0.0;0.0;9995.0;0.0
1;30266.0;9994.0;181.0;0.0;0.0;0.0;0.0;9996;102;9997.0;76.0;0.0;0.0;9995.0;0.0
1;30267.0;9993.0;101.0;9992.0;45.0;0.0;0.0;9994;101;9995.0;45.0;0.0;0.0;9993.5;0.0
1;30268.0;9993.0;131.0;9992.0;69.0;0.0;0.0;9994;131;9995.0;69.0;0.0;0.0;9993.5;0.0
1;30269.0;9993.0;155.0;0.0;0.0;0.0;0.0;9995;103;9996.0;52.0;0.0;0.0;9994.0;0.0
1;30270.0;9992.0;137.0;9991.0;77.0;0.0;0.0;9994;214;0.0;0.0;0.0;0.0;9993.0;0.0
1;30271.0;9993.0;106.0;9992.0;61.0;0.0;0.0;9995;167;0.0;0.0;0.0;0.0;9994.0;0.0
1;30272.0;9992.0;101.0;9991.0;64.0;0.0;0.0;9993;101;9994.0;64.0;0.0;0.0;9992.5;0.0
1;30273.0;9991.0;141.0;9990.0;80.0;0.0;0.0;9993;221;0.0;0.0;0.0;0.0;9992.0;0.0
1;30274.0;9990.0;198.0;0.0;0.0;0.0;0.0;9992;126;9993.0;72.0;0.0;0.0;9991.0;0.0
1;30275.0;9991.0;125.0;9990.0;74.0;0.0;0.0;9992;125;9993.0;74.0;0.0;0.0;9991.5;0.0
1;30276.0;9991.0;135.0;9990.0;50.0;0.0;0.0;9992;135;9993.0;50.0;0.0;0.0;9991.5;0.0
1;30277.0;9992.0;129.0;9991.0;60.0;0.0;0.0;9994;183;0.0;0.0;0.0;0.0;9993.0;0.0
1;30278.0;9990.0;5.0;9989.0;203.0;0.0;0.0;9991;143;9992.0;60.0;0.0;0.0;9990.5;0.0
1;30279.0;9989.0;105.0;9988.0;63.0;0.0;0.0;9990;105;9991.0;63.0;0.0;0.0;9989.5;0.0
1;30280.0;9990.0;163.0;0.0;0.0;0.0;0.0;9992;105;9993.0;58.0;0.0;0.0;9991.0;0.0
1;30281.0;9990.0;137.0;9989.0;71.0;0.0;0.0;9991;137;9992.0;71.0;0.0;0.0;9990.5;0.0
1;30282.0;9991.0;126.0;9990.0;68.0;0.0;0.0;9993;194;0.0;0.0;0.0;0.0;9992.0;0.0
1;30283.0;9991.0;140.0;9990.0;46.0;0.0;0.0;9992;140;9993.0;46.0;0.0;0.0;9991.5;0.0
1;30284.0;9994.0;113.0;9993.0;57.0;0.0;0.0;9995;113;9996.0;57.0;0.0;0.0;9994.5;0.0
1;30285.0;9991.0;178.0;0.0;0.0;0.0;0.0;9993;132;9994.0;46.0;0.0;0.0;9992.0;0.0
1;30286.0;9993.0;135.0;9992.0;61.0;0.0;0.0;9994;135;9995.0;61.0;0.0;0.0;9993.5;0.0
1;30287.0;9994.0;185.0;0.0;0.0;0.0;0.0;9996;142;9997.0;43.0;0.0;0.0;9995.0;0.0
1;30288.0;9996.0;125.0;9995.0;62.0;0.0;0.0;9997;125;9998.0;62.0;0.0;0.0;9996.5;0.0
1;30289.0;9994.0;149.0;9993.0;65.0;0.0;0.0;9996;214;0.0;0.0;0.0;0.0;9995.0;0.0
1;30290.0;9995.0;194.0;0.0;0.0;0.0;0.0;9997;136;9998.0;58.0;0.0;0.0;9996.0;0.0
1;30291.0;9993.0;135.0;9992.0;63.0;0.0;0.0;9995;198;0.0;0.0;0.0;0.0;9994.0;0.0
1;30292.0;9993.0;124.0;9992.0;74.0;0.0;0.0;9995;198;0.0;0.0;0.0;0.0;9994.0;0.0
1;30293.0;9995.0;115.0;9994.0;59.0;0.0;0.0;9996;115;9997.0;59.0;0.0;0.0;9995.5;0.0
1;30294.0;9996.0;128.0;9995.0;68.0;0.0;0.0;9997;128;9998.0;68.0;0.0;0.0;9996.5;0.0
1;30295.0;9996.0;120.0;9995.0;72.0;0.0;0.0;9998;192;0.0;0.0;0.0;0.0;9997.0;0.0
1;30296.0;9997.0;117.0;9996.0;69.0;0.0;0.0;9998;117;9999.0;69.0;0.0;0.0;9997.5;0.0
1;30297.0;9998.0;129.0;9997.0;57.0;0.0;0.0;9999;129;10000.0;57.0;0.0;0.0;9998.5;0.0
1;30298.0;9996.0;121.0;9995.0;72.0;0.0;0.0;9998;193;0.0;0.0;0.0;0.0;9997.0;0.0
1;30299.0;9994.0;163.0;0.0;0.0;0.0;0.0;9995;10;9996.0;163.0;0.0;0.0;9994.5;0.0
1;30300.0;9994.0;189.0;0.0;0.0;0.0;0.0;9996;113;9997.0;76.0;0.0;0.0;9995.0;0.0
1;30301.0;9994.0;191.0;0.0;0.0;0.0;0.0;9996;116;9997.0;75.0;0.0;0.0;9995.0;0.0
1;30302.0;9994.0;109.0;9993.0;41.0;0.0;0.0;9995;109;9996.0;41.0;0.0;0.0;9994.5;0.0
1;30303.0;9994.0;104.0;9993.0;43.0;0.0;0.0;9995;111;9996.0;43.0;0.0;0.0;9994.5;0.0
1;30304.0;9994.0;125.0;9993.0;40.0;0.0;0.0;9996;165;0.0;0.0;0.0;0.0;9995.0;0.0
1;30305.0;9994.0;150.0;9993.0;72.0;0.0;0.0;9995;150;9996.0;72.0;0.0;0.0;9994.5;0.0
1;30306.0;9993.0;132.0;9992.0;50.0;0.0;0.0;9994;141;9995.0;50.0;0.0;0.0;9993.5;0.0
1;30307.0;9993.0;109.0;9992.0;60.0;0.0;0.0;9995;169;0.0;0.0;0.0;0.0;9994.0;0.0
1;30308.0;9993.0;127.0;9992.0;49.0;0.0;0.0;9995;176;0.0;0.0;0.0;0.0;9994.0;0.0
1;30309.0;9993.0;104.0;9992.0;45.0;0.0;0.0;9994;104;9995.0;45.0;0.0;0.0;9993.5;0.0
1;30310.0;9993.0;109.0;9992.0;63.0;0.0;0.0;9995;172;0.0;0.0;0.0;0.0;9994.0;0.0
1;30311.0;9992.0;117.0;9991.0;76.0;0.0;0.0;9994;193;0.0;0.0;0.0;0.0;9993.0;0.0
1;30312.0;9992.0;221.0;0.0;0.0;0.0;0.0;9994;141;9995.0;80.0;0.0;0.0;9993.0;0.0
1;30313.0;9993.0;120.0;9992.0;48.0;0.0;0.0;9994;120;9995.0;48.0;0.0;0.0;9993.5;0.0
1;30314.0;9993.0;103.0;9992.0;75.0;0.0;0.0;9994;110;9995.0;75.0;0.0;0.0;9993.5;0.0
1;30315.0;9993.0;109.0;9992.0;52.0;0.0;0.0;9994;109;9995.0;52.0;0.0;0.0;9993.5;0.0
1;30316.0;9993.0;114.0;9992.0;58.0;0.0;0.0;9994;114;9995.0;58.0;0.0;0.0;9993.5;0.0
1;30317.0;9993.0;155.0;0.0;0.0;0.0;0.0;9995;112;9996.0;43.0;0.0;0.0;9994.0;0.0
1;30318.0;9995.0;150.0;9994.0;80.0;0.0;0.0;9997;230;0.0;0.0;0.0;0.0;9996.0;0.0
1;30319.0;9996.0;162.0;0.0;0.0;0.0;0.0;9998;119;9999.0;43.0;0.0;0.0;9997.0;0.0
1;30320.0;9996.0;144.0;9995.0;77.0;0.0;0.0;9997;144;9998.0;77.0;0.0;0.0;9996.5;0.0
1;30321.0;9996.0;107.0;9995.0;49.0;0.0;0.0;9997;107;9998.0;49.0;0.0;0.0;9996.5;0.0
1;30322.0;9993.0;192.0;0.0;0.0;0.0;0.0;9995;134;9996.0;58.0;0.0;0.0;9994.0;0.0
1;30323.0;9993.0;123.0;9992.0;52.0;0.0;0.0;9994;123;9995.0;52.0;0.0;0.0;9993.5;0.0
1;30324.0;9992.0;153.0;0.0;0.0;0.0;0.0;9994;109;9995.0;44.0;0.0;0.0;9993.0;0.0
1;30325.0;9993.0;140.0;9992.0;43.0;0.0;0.0;9994;145;9995.0;43.0;0.0;0.0;9993.5;0.0
1;30326.0;9993.0;140.0;9992.0;48.0;0.0;0.0;9995;188;0.0;0.0;0.0;0.0;9994.0;0.0
1;30327.0;9994.0;190.0;0.0;0.0;0.0;0.0;9996;134;9997.0;56.0;0.0;0.0;9995.0;0.0
1;30328.0;9995.0;125.0;9994.0;71.0;0.0;0.0;9996;125;9997.0;71.0;0.0;0.0;9995.5;0.0
1;30329.0;9995.0;134.0;9994.0;57.0;0.0;0.0;9997;182;0.0;0.0;0.0;0.0;9996.0;0.0
1;30330.0;9994.0;112.0;9993.0;72.0;0.0;0.0;9995;112;9996.0;72.0;0.0;0.0;9994.5;0.0
1;30331.0;9994.0;119.0;9993.0;79.0;0.0;0.0;9995;120;9996.0;79.0;0.0;0.0;9994.5;0.0
1;30332.0;9993.0;110.0;9992.0;45.0;0.0;0.0;9994;104;9995.0;45.0;0.0;0.0;9993.5;0.0
1;30333.0;9994.0;108.0;9993.0;72.0;0.0;0.0;9995;118;9996.0;72.0;0.0;0.0;9994.5;0.0
1;30334.0;9993.0;9.0;9992.0;178.0;0.0;0.0;9994;106;9995.0;72.0;0.0;0.0;9993.5;0.0
1;30335.0;9991.0;113.0;9990.0;61.0;0.0;0.0;9992;113;9993.0;61.0;0.0;0.0;9991.5;0.0
1;30336.0;9990.0;122.0;9989.0;64.0;0.0;0.0;9991;122;9992.0;64.0;0.0;0.0;9990.5;0.0
1;30337.0;9990.0;130.0;9989.0;51.0;0.0;0.0;9991;130;9992.0;51.0;0.0;0.0;9990.5;0.0
1;30338.0;9989.0;128.0;9988.0;63.0;0.0;0.0;9991;191;0.0;0.0;0.0;0.0;9990.0;0.0
1;30339.0;9990.0;141.0;9989.0;45.0;0.0;0.0;9991;141;9992.0;45.0;0.0;0.0;9990.5;0.0
1;30340.0;9992.0;127.0;9991.0;53.0;0.0;0.0;9993;127;9994.0;53.0;0.0;0.0;9992.5;0.0
1;30341.0;9992.0;123.0;9991.0;67.0;0.0;0.0;9993;123;9994.0;67.0;0.0;0.0;9992.5;0.0
1;30342.0;9990.0;179.0;0.0;0.0;0.0;0.0;9992;139;9993.0;40.0;0.0;0.0;9991.0;0.0
1;30343.0;9991.0;8.0;9990.0;192.0;0.0;0.0;9992;120;9993.0;72.0;0.0;0.0;9991.5;0.0
1;30344.0;9991.0;147.0;9990.0;40.0;0.0;0.0;9993;187;0.0;0.0;0.0;0.0;9992.0;0.0
1;30345.0;9993.0;104.0;9992.0;54.0;0.0;0.0;9995;158;0.0;0.0;0.0;0.0;9994.0;0.0
1;30346.0;9992.0;182.0;0.0;0.0;0.0;0.0;9994;115;9995.0;67.0;0.0;0.0;9993.0;0.0
1;30347.0;9995.0;125.0;9994.0;76.0;0.0;0.0;9996;125;9997.0;76.0;0.0;0.0;9995.5;0.0
1;30348.0;9995.0;134.0;9994.0;48.0;0.0;0.0;9996;127;9997.0;48.0;0.0;0.0;9995.5;0.0
1;30349.0;9995.0;109.0;9994.0;72.0;0.0;0.0;9996;109;9997.0;72.0;0.0;0.0;9995.5;0.0
1;30350.0;9995.0;102.0;9994.0;49.0;0.0;0.0;9996;102;9997.0;49.0;0.0;0.0;9995.5;0.0
1;30351.0;9995.0;114.0;9994.0;78.0;0.0;0.0;9996;114;9997.0;78.0;0.0;0.0;9995.5;0.0
1;30352.0;9995.0;144.0;9994.0;75.0;0.0;0.0;9996;144;9997.0;75.0;0.0;0.0;9995.5;0.0
1;30353.0;9993.0;165.0;0.0;0.0;0.0;0.0;9995;113;9996.0;52.0;0.0;0.0;9994.0;0.0
1;30354.0;9993.0;101.0;9992.0;74.0;0.0;0.0;9994;101;9995.0;74.0;0.0;0.0;9993.5;0.0
1;30355.0;9991.0;145.0;9990.0;60.0;0.0;0.0;9993;205;0.0;0.0;0.0;0.0;9992.0;0.0
1;30356.0;9991.0;128.0;9990.0;60.0;0.0;0.0;9993;188;0.0;0.0;0.0;0.0;9992.0;0.0
1;30357.0;9990.0;215.0;0.0;0.0;0.0;0.0;9992;143;9993.0;72.0;0.0;0.0;9991.0;0.0
1;30358.0;9991.0;136.0;9990.0;74.0;0.0;0.0;9993;210;0.0;0.0;0.0;0.0;9992.0;0.0
1;30359.0;9991.0;109.0;9990.0;48.0;0.0;0.0;9992;109;9993.0;48.0;0.0;0.0;9991.5;0.0
1;30360.0;9990.0;145.0;9989.0;50.0;0.0;0.0;9991;145;9992.0;50.0;0.0;0.0;9990.5;0.0
1;30361.0;9989.0;131.0;9988.0;66.0;0.0;0.0;9991;192;0.0;0.0;0.0;0.0;9990.0;0.0
1;30362.0;9989.0;106.0;9988.0;65.0;0.0;0.0;9990;106;9991.0;65.0;0.0;0.0;9989.5;0.0
1;30363.0;9988.0;224.0;0.0;0.0;0.0;0.0;9990;144;9991.0;80.0;0.0;0.0;9989.0;0.0
1;30364.0;9990.0;134.0;9989.0;76.0;0.0;0.0;9991;125;9992.0;76.0;0.0;0.0;9990.5;0.0
1;30365.0;9989.0;140.0;9988.0;44.0;0.0;0.0;9990;134;9991.0;44.0;0.0;0.0;9989.5;0.0
1;30366.0;9988.0;106.0;9987.0;79.0;0.0;0.0;9989;106;9990.0;79.0;0.0;0.0;9988.5;0.0
1;30367.0;9987.0;151.0;0.0;0.0;0.0;0.0;9989;110;9990.0;41.0;0.0;0.0;9988.0;0.0
1;30368.0;9986.0;160.0;0.0;0.0;0.0;0.0;9988;109;9989.0;51.0;0.0;0.0;9987.0;0.0
1;30369.0;9987.0;10.0;9986.0;193.0;0.0;0.0;9988;116;9989.0;77.0;0.0;0.0;9987.5;0.0
1;30370.0;9986.0;111.0;9985.0;49.0;0.0;0.0;9988;160;0.0;0.0;0.0;0.0;9987.0;0.0
1;30371.0;9986.0;111.0;9985.0;53.0;0.0;0.0;9988;164;0.0;0.0;0.0;0.0;9987.0;0.0
1;30372.0;9986.0;127.0;9985.0;70.0;0.0;0.0;9987;121;9988.0;70.0;0.0;0.0;9986.5;0.0
1;30373.0;9986.0;139.0;9985.0;57.0;0.0;0.0;9988;196;0.0;0.0;0.0;0.0;9987.0;0.0
1;30374.0;9986.0;145.0;9985.0;80.0;0.0;0.0;9987;145;9988.0;80.0;0.0;0.0;9986.5;0.0
1;30375.0;9986.0;140.0;9985.0;76.0;0.0;0.0;9987;140;9988.0;76.0;0.0;0.0;9986.5;0.0
1;30376.0;9985.0;135.0;9984.0;73.0;0.0;0.0;9987;208;0.0;0.0;0.0;0.0;9986.0;0.0
1;30377.0;9984.0;128.0;9983.0;79.0;0.0;0.0;9986;207;0.0;0.0;0.0;0.0;9985.0;0.0
1;30378.0;9984.0;181.0;0.0;0.0;0.0;0.0;9986;135;9987.0;46.0;0.0;0.0;9985.0;0.0
1;30379.0;9985.0;222.0;0.0;0.0;0.0;0.0;9986;8;9987.0;150.0;9988.0;72.0;9985.5;0.0
1;30380.0;9985.0;121.0;9984.0;69.0;0.0;0.0;9986;121;9987.0;69.0;0.0;0.0;9985.5;0.0
1;30381.0;9984.0;137.0;9983.0;75.0;0.0;0.0;9985;137;9986.0;75.0;0.0;0.0;9984.5;0.0
1;30382.0;9983.0;117.0;9982.0;75.0;0.0;0.0;9984;117;9985.0;75.0;0.0;0.0;9983.5;0.0
1;30383.0;9983.0;107.0;9982.0;57.0;0.0;0.0;9984;107;9985.0;57.0;0.0;0.0;9983.5;0.0
1;30384.0;9982.0;152.0;9981.0;73.0;0.0;0.0;9983;147;9984.0;73.0;0.0;0.0;9982.5;0.0
1;30385.0;9982.0;107.0;9981.0;55.0;0.0;0.0;9983;107;9984.0;55.0;0.0;0.0;9982.5;0.0
1;30386.0;9982.0;112.0;9981.0;60.0;0.0;0.0;9983;112;9984.0;60.0;0.0;0.0;9982.5;0.0
1;30387.0;9983.0;136.0;9982.0;55.0;0.0;0.0;9984;136;9985.0;55.0;0.0;0.0;9983.5;0.0
1;30388.0;9983.0;130.0;9982.0;52.0;0.0;0.0;9984;130;9985.0;52.0;0.0;0.0;9983.5;0.0
1;30389.0;9983.0;129.0;9982.0;44.0;0.0;0.0;9984;129;9985.0;44.0;0.0;0.0;9983.5;0.0
1;30390.0;9983.0;150.0;9982.0;55.0;0.0;0.0;9984;150;9985.0;55.0;0.0;0.0;9983.5;0.0
1;30391.0;9984.0;101.0;9983.0;73.0;0.0;0.0;9985;101;9986.0;73.0;0.0;0.0;9984.5;0.0
1;30392.0;9985.0;101.0;9984.0;68.0;0.0;0.0;9987;169;0.0;0.0;0.0;0.0;9986.0;0.0
1;30393.0;9987.0;125.0;9986.0;53.0;0.0;0.0;9988;125;9989.0;53.0;0.0;0.0;9987.5;0.0
1;30394.0;9986.0;103.0;9985.0;62.0;0.0;0.0;9987;103;9988.0;62.0;0.0;0.0;9986.5;0.0
1;30395.0;9986.0;170.0;0.0;0.0;0.0;0.0;9988;112;9989.0;58.0;0.0;0.0;9987.0;0.0
1;30396.0;9986.0;196.0;0.0;0.0;0.0;0.0;9988;123;9989.0;73.0;0.0;0.0;9987.0;0.0
1;30397.0;9988.0;119.0;9987.0;42.0;0.0;0.0;9990;161;0.0;0.0;0.0;0.0;9989.0;0.0
1;30398.0;9990.0;137.0;9989.0;74.0;0.0;0.0;9991;137;9992.0;74.0;0.0;0.0;9990.5;0.0
1;30399.0;9989.0;122.0;9988.0;45.0;0.0;0.0;9990;122;9991.0;45.0;0.0;0.0;9989.5;0.0
1;30400.0;9988.0;175.0;0.0;0.0;0.0;0.0;9990;115;9991.0;60.0;0.0;0.0;9989.0;0.0
1;30401.0;9988.0;125.0;9987.0;54.0;0.0;0.0;9989;125;9990.0;54.0;0.0;0.0;9988.5;0.0
1;30402.0;9987.0;117.0;9986.0;72.0;0.0;0.0;9988;117;9989.0;72.0;0.0;0.0;9987.5;0.0
1;30403.0;9987.0;139.0;9986.0;48.0;0.0;0.0;9988;139;9989.0;48.0;0.0;0.0;9987.5;0.0
1;30404.0;9986.0;116.0;9985.0;54.0;0.0;0.0;9988;170;0.0;0.0;0.0;0.0;9987.0;0.0
1;30405.0;9985.0;146.0;9984.0;51.0;0.0;0.0;9986;146;9987.0;51.0;0.0;0.0;9985.5;0.0
1;30406.0;9984.0;144.0;9983.0;55.0;0.0;0.0;9986;199;0.0;0.0;0.0;0.0;9985.0;0.0
1;30407.0;9983.0;214.0;0.0;0.0;0.0;0.0;9985;138;9986.0;76.0;0.0;0.0;9984.0;0.0
1;30408.0;9981.0;103.0;9980.0;78.0;0.0;0.0;9983;181;0.0;0.0;0.0;0.0;9982.0;0.0
1;30409.0;9980.0;149.0;9979.0;70.0;0.0;0.0;9981;149;9982.0;70.0;0.0;0.0;9980.5;0.0
1;30410.0;9979.0;203.0;0.0;0.0;0.0;0.0;9981;130;9982.0;73.0;0.0;0.0;9980.0;0.0
1;30411.0;9979.0;8.0;9978.0;202.0;0.0;0.0;9980;132;9981.0;70.0;0.0;0.0;9979.5;0.0
1;30412.0;9980.0;128.0;9979.0;76.0;0.0;0.0;9981;128;9982.0;76.0;0.0;0.0;9980.5;0.0
1;30413.0;9981.0;99.0;9980.0;56.0;0.0;0.0;9982;108;9983.0;56.0;0.0;0.0;9981.5;0.0
1;30414.0;9980.0;109.0;9979.0;57.0;0.0;0.0;9981;109;9982.0;57.0;0.0;0.0;9980.5;0.0
1;30415.0;9980.0;169.0;0.0;0.0;0.0;0.0;9981;8;9982.0;102.0;9983.0;67.0;9980.5;0.0
1;30416.0;9980.0;160.0;0.0;0.0;0.0;0.0;9982;102;9983.0;58.0;0.0;0.0;9981.0;0.0
1;30417.0;9978.0;119.0;9977.0;40.0;0.0;0.0;9980;169;0.0;0.0;0.0;0.0;9979.0;0.0
1;30418.0;9978.0;139.0;9977.0;55.0;0.0;0.0;9979;139;9980.0;55.0;0.0;0.0;9978.5;0.0
1;30419.0;9978.0;165.0;0.0;0.0;0.0;0.0;9980;106;9981.0;59.0;0.0;0.0;9979.0;0.0
1;30420.0;9978.0;189.0;0.0;0.0;0.0;0.0;9980;135;9981.0;54.0;0.0;0.0;9979.0;0.0
1;30421.0;9978.0;128.0;9977.0;40.0;0.0;0.0;9979;128;9980.0;40.0;0.0;0.0;9978.5;0.0
1;30422.0;9979.0;141.0;9978.0;77.0;0.0;0.0;9980;141;9981.0;77.0;0.0;0.0;9979.5;0.0
1;30423.0;9979.0;186.0;0.0;0.0;0.0;0.0;9981;111;9982.0;75.0;0.0;0.0;9980.0;0.0
1;30424.0;9980.0;110.0;9979.0;80.0;0.0;0.0;9982;190;0.0;0.0;0.0;0.0;9981.0;0.0
1;30425.0;9979.0;130.0;9978.0;67.0;0.0;0.0;9981;205;0.0;0.0;0.0;0.0;9980.0;0.0
1;30426.0;9979.0;100.0;9978.0;50.0;0.0;0.0;9980;100;9981.0;50.0;0.0;0.0;9979.5;0.0
1;30427.0;9978.0;184.0;0.0;0.0;0.0;0.0;9980;109;9981.0;75.0;0.0;0.0;9979.0;0.0
1;30428.0;9978.0;120.0;9977.0;72.0;0.0;0.0;9979;125;9980.0;72.0;0.0;0.0;9978.5;0.0
1;30429.0;9976.0;100.0;9975.0;43.0;0.0;0.0;9977;100;9978.0;43.0;0.0;0.0;9976.5;0.0
1;30430.0;9975.0;127.0;9974.0;51.0;0.0;0.0;9976;132;9977.0;51.0;0.0;0.0;9975.5;0.0
1;30431.0;9975.0;112.0;9974.0;48.0;0.0;0.0;9976;105;9977.0;48.0;0.0;0.0;9975.5;0.0
1;30432.0;9972.0;105.0;9971.0;75.0;0.0;0.0;9974;180;0.0;0.0;0.0;0.0;9973.0;0.0
1;30433.0;9974.0;107.0;9973.0;76.0;0.0;0.0;9976;183;0.0;0.0;0.0;0.0;9975.0;0.0
1;30434.0;9975.0;122.0;9974.0;68.0;0.0;0.0;9976;131;9977.0;68.0;0.0;0.0;9975.5;0.0
1;30435.0;9976.0;132.0;9975.0;60.0;0.0;0.0;9977;132;9978.0;60.0;0.0;0.0;9976.5;0.0
1;30436.0;9977.0;124.0;9976.0;79.0;0.0;0.0;9979;203;0.0;0.0;0.0;0.0;9978.0;0.0
1;30437.0;9977.0;155.0;0.0;0.0;0.0;0.0;9979;114;9980.0;41.0;0.0;0.0;9978.0;0.0
1;30438.0;9976.0;193.0;0.0;0.0;0.0;0.0;9978;140;9979.0;53.0;0.0;0.0;9977.0;0.0
1;30439.0;9978.0;168.0;0.0;0.0;0.0;0.0;9980;123;9981.0;45.0;0.0;0.0;9979.0;0.0
1;30440.0;9978.0;144.0;9977.0;69.0;0.0;0.0;9979;144;9980.0;69.0;0.0;0.0;9978.5;0.0
1;30441.0;9980.0;126.0;9979.0;69.0;0.0;0.0;9981;126;9982.0;69.0;0.0;0.0;9980.5;0.0
1;30442.0;9981.0;144.0;9980.0;65.0;0.0;0.0;9983;209;0.0;0.0;0.0;0.0;9982.0;0.0
1;30443.0;9980.0;189.0;0.0;0.0;0.0;0.0;9982;189;0.0;0.0;0.0;0.0;9981.0;0.0
1;30444.0;9981.0;112.0;9980.0;69.0;0.0;0.0;9983;181;0.0;0.0;0.0;0.0;9982.0;0.0
1;30445.0;9980.0;193.0;0.0;0.0;0.0;0.0;9982;120;9983.0;73.0;0.0;0.0;9981.0;0.0
1;30446.0;9981.0;134.0;9980.0;78.0;0.0;0.0;9982;134;9983.0;78.0;0.0;0.0;9981.5;0.0
1;30447.0;9980.0;224.0;0.0;0.0;0.0;0.0;9982;145;9983.0;79.0;0.0;0.0;9981.0;0.0
1;30448.0;9981.0;117.0;9980.0;44.0;0.0;0.0;9982;117;9983.0;44.0;0.0;0.0;9981.5;0.0
1;30449.0;9980.0;106.0;9979.0;46.0;0.0;0.0;9981;106;9982.0;46.0;0.0;0.0;9980.5;0.0
1;30450.0;9979.0;146.0;9978.0;69.0;0.0;0.0;9980;146;9981.0;69.0;0.0;0.0;9979.5;0.0
1;30451.0;9980.0;112.0;9979.0;46.0;0.0;0.0;9981;112;9982.0;46.0;0.0;0.0;9980.5;0.0
1;30452.0;9977.0;213.0;0.0;0.0;0.0;0.0;9979;147;9980.0;66.0;0.0;0.0;9978.0;0.0
1;30453.0;9978.0;139.0;9977.0;53.0;0.0;0.0;9979;139;9980.0;53.0;0.0;0.0;9978.5;0.0
1;30454.0;9976.0;145.0;9975.0;50.0;0.0;0.0;9977;145;9978.0;50.0;0.0;0.0;9976.5;0.0
1;30455.0;9975.0;112.0;9974.0;70.0;0.0;0.0;9976;102;9977.0;70.0;0.0;0.0;9975.5;0.0
1;30456.0;9972.0;199.0;0.0;0.0;0.0;0.0;9974;138;9975.0;61.0;0.0;0.0;9973.0;0.0
1;30457.0;9972.0;110.0;9971.0;60.0;0.0;0.0;9973;110;9974.0;60.0;0.0;0.0;9972.5;0.0
1;30458.0;9972.0;126.0;9971.0;79.0;0.0;0.0;9973;126;9974.0;79.0;0.0;0.0;9972.5;0.0
1;30459.0;9971.0;112.0;9970.0;70.0;0.0;0.0;9972;112;9973.0;70.0;0.0;0.0;9971.5;0.0
1;30460.0;9971.0;100.0;9970.0;73.0;0.0;0.0;9972;100;9973.0;73.0;0.0;0.0;9971.5;0.0
1;30461.0;9972.0;111.0;9971.0;66.0;0.0;0.0;9973;111;9974.0;66.0;0.0;0.0;9972.5;0.0
1;30462.0;9971.0;111.0;9970.0;57.0;0.0;0.0;9972;111;9973.0;57.0;0.0;0.0;9971.5;0.0
1;30463.0;9970.0;113.0;9969.0;77.0;0.0;0.0;9972;183;0.0;0.0;0.0;0.0;9971.0;0.0
1;30464.0;9970.0;128.0;9969.0;58.0;0.0;0.0;9971;133;9972.0;58.0;0.0;0.0;9970.5;0.0
1;30465.0;9969.0;142.0;9968.0;60.0;0.0;0.0;9970;142;9971.0;60.0;0.0;0.0;9969.5;0.0
1;30466.0;9968.0;151.0;0.0;0.0;0.0;0.0;9970;106;9971.0;45.0;0.0;0.0;9969.0;0.0
1;30467.0;9967.0;185.0;0.0;0.0;0.0;0.0;9969;111;9970.0;74.0;0.0;0.0;9968.0;0.0
1;30468.0;9968.0;165.0;0.0;0.0;0.0;0.0;9970;118;9971.0;47.0;0.0;0.0;9969.0;0.0
1;30469.0;9968.0;141.0;9967.0;61.0;0.0;0.0;9969;141;9970.0;61.0;0.0;0.0;9968.5;0.0
1;30470.0;9967.0;162.0;0.0;0.0;0.0;0.0;9969;108;9970.0;54.0;0.0;0.0;9968.0;0.0
1;30471.0;9967.0;105.0;9966.0;72.0;0.0;0.0;9968;105;9969.0;72.0;0.0;0.0;9967.5;0.0
1;30472.0;9967.0;105.0;9966.0;69.0;0.0;0.0;9969;174;0.0;0.0;0.0;0.0;9968.0;0.0
1;30473.0;9969.0;150.0;9968.0;56.0;0.0;0.0;9970;150;9971.0;56.0;0.0;0.0;9969.5;0.0
1;30474.0;9968.0;201.0;0.0;0.0;0.0;0.0;9970;135;9971.0;66.0;0.0;0.0;9969.0;0.0
1;30475.0;9968.0;105.0;9967.0;66.0;0.0;0.0;9970;171;0.0;0.0;0.0;0.0;9969.0;0.0
1;30476.0;9967.0;165.0;0.0;0.0;0.0;0.0;9969;107;9970.0;58.0;0.0;0.0;9968.0;0.0
1;30477.0;9967.0;100.0;9966.0;77.0;0.0;0.0;9968;100;9969.0;77.0;0.0;0.0;9967.5;0.0
1;30478.0;9967.0;191.0;0.0;0.0;0.0;0.0;9969;120;9970.0;71.0;0.0;0.0;9968.0;0.0
1;30479.0;9968.0;109.0;9967.0;67.0;0.0;0.0;9969;109;9970.0;67.0;0.0;0.0;9968.5;0.0
1;30480.0;9967.0;121.0;9966.0;65.0;0.0;0.0;9969;186;0.0;0.0;0.0;0.0;9968.0;0.0
1;30481.0;9967.0;120.0;9966.0;42.0;0.0;0.0;9969;162;0.0;0.0;0.0;0.0;9968.0;0.0
1;30482.0;9967.0;118.0;9966.0;48.0;0.0;0.0;9969;166;0.0;0.0;0.0;0.0;9968.0;0.0
1;30483.0;9967.0;104.0;9966.0;74.0;0.0;0.0;9968;104;9969.0;74.0;0.0;0.0;9967.5;0.0
1;30484.0;9965.0;193.0;0.0;0.0;0.0;0.0;9966;10;9967.0;137.0;9968.0;56.0;9965.5;0.0
1;30485.0;9965.0;144.0;9964.0;59.0;0.0;0.0;9967;203;0.0;0.0;0.0;0.0;9966.0;0.0
1;30486.0;9966.0;125.0;9965.0;40.0;0.0;0.0;9967;125;9968.0;40.0;0.0;0.0;9966.5;0.0
1;30487.0;9964.0;140.0;9963.0;79.0;0.0;0.0;9966;224;0.0;0.0;0.0;0.0;9965.0;0.0
1;30488.0;9965.0;208.0;0.0;0.0;0.0;0.0;9967;130;9968.0;78.0;0.0;0.0;9966.0;0.0
1;30489.0;9966.0;140.0;9965.0;59.0;0.0;0.0;9967;140;9968.0;59.0;0.0;0.0;9966.5;0.0
1;30490.0;9966.0;10.0;9965.0;185.0;0.0;0.0;9967;106;9968.0;79.0;0.0;0.0;9966.5;0.0
1;30491.0;9966.0;211.0;0.0;0.0;0.0;0.0;9967;8;9968.0;132.0;9969.0;79.0;9966.5;0.0
1;30492.0;9967.0;156.0;9966.0;54.0;0.0;0.0;9968;150;9969.0;54.0;0.0;0.0;9967.5;0.0
1;30493.0;9967.0;150.0;9966.0;79.0;0.0;0.0;9968;150;9969.0;79.0;0.0;0.0;9967.5;0.0
1;30494.0;9966.0;174.0;0.0;0.0;0.0;0.0;9968;112;9969.0;62.0;0.0;0.0;9967.0;0.0
1;30495.0;9965.0;114.0;9964.0;54.0;0.0;0.0;9966;114;9967.0;54.0;0.0;0.0;9965.5;0.0
1;30496.0;9964.0;179.0;0.0;0.0;0.0;0.0;9966;109;9967.0;70.0;0.0;0.0;9965.0;0.0
1;30497.0;9963.0;128.0;9962.0;62.0;0.0;0.0;9964;128;9965.0;62.0;0.0;0.0;9963.5;0.0
1;30498.0;9964.0;122.0;9963.0;76.0;0.0;0.0;9965;122;9966.0;76.0;0.0;0.0;9964.5;0.0
1;30499.0;9965.0;147.0;9964.0;56.0;0.0;0.0;9966;147;9967.0;56.0;0.0;0.0;9965.5;0.0
1;30500.0;9966.0;111.0;9965.0;51.0;0.0;0.0;9967;111;9968.0;51.0;0.0;0.0;9966.5;0.0
1;30501.0;9967.0;145.0;9966.0;57.0;0.0;0.0;9969;202;0.0;0.0;0.0;0.0;9968.0;0.0
1;30502.0;9968.0;134.0;9967.0;71.0;0.0;0.0;9969;134;9970.0;71.0;0.0;0.0;9968.5;0.0
1;30503.0;9966.0;188.0;0.0;0.0;0.0;0.0;9968;147;9969.0;41.0;0.0;0.0;9967.0;0.0
1;30504.0;9968.0;119.0;9967.0;57.0;0.0;0.0;9969;119;9970.0;57.0;0.0;0.0;9968.5;0.0
1;30505.0;9968.0;130.0;9967.0;55.0;0.0;0.0;9969;130;9970.0;55.0;0.0;0.0;9968.5;0.0
1;30506.0;9968.0;131.0;9967.0;48.0;0.0;0.0;9970;179;0.0;0.0;0.0;0.0;9969.0;0.0
1;30507.0;9970.0;134.0;9969.0;48.0;0.0;0.0;9971;127;9972.0;48.0;0.0;0.0;9970.5;0.0
1;30508.0;9971.0;137.0;9970.0;61.0;0.0;0.0;9972;137;9973.0;61.0;0.0;0.0;9971.5;0.0
1;30509.0;9971.0;148.0;9970.0;70.0;0.0;0.0;9972;148;9973.0;70.0;0.0;0.0;9971.5;0.0
1;30510.0;9970.0;213.0;0.0;0.0;0.0;0.0;9972;146;9973.0;67.0;0.0;0.0;9971.0;0.0
1;30511.0;9970.0;126.0;9969.0;46.0;0.0;0.0;9972;172;0.0;0.0;0.0;0.0;9971.0;0.0
1;30512.0;9968.0;137.0;9967.0;42.0;0.0;0.0;9969;137;9970.0;42.0;0.0;0.0;9968.5;0.0
1;30513.0;9967.0;147.0;9966.0;59.0;0.0;0.0;9968;147;9969.0;59.0;0.0;0.0;9967.5;0.0
1;30514.0;9968.0;100.0;9967.0;72.0;0.0;0.0;9969;97;9970.0;72.0;0.0;0.0;9968.5;0.0
1;30515.0;9966.0;188.0;0.0;0.0;0.0;0.0;9968;130;9969.0;58.0;0.0;0.0;9967.0;0.0
1;30516.0;9966.0;179.0;0.0;0.0;0.0;0.0;9968;139;9969.0;40.0;0.0;0.0;9967.0;0.0
1;30517.0;9967.0;144.0;9966.0;43.0;0.0;0.0;9969;187;0.0;0.0;0.0;0.0;9968.0;0.0
1;30518.0;9968.0;111.0;9967.0;75.0;0.0;0.0;9969;111;9970.0;75.0;0.0;0.0;9968.5;0.0
1;30519.0;9968.0;110.0;9967.0;74.0;0.0;0.0;9970;184;0.0;0.0;0.0;0.0;9969.0;0.0
1;30520.0;9968.0;172.0;0.0;0.0;0.0;0.0;9970;121;9971.0;51.0;0.0;0.0;9969.0;0.0
1;30521.0;9969.0;146.0;9968.0;56.0;0.0;0.0;9971;202;0.0;0.0;0.0;0.0;9970.0;0.0
1;30522.0;9970.0;127.0;9969.0;71.0;0.0;0.0;9971;127;9972.0;71.0;0.0;0.0;9970.5;0.0
1;30523.0;9970.0;127.0;9969.0;42.0;0.0;0.0;9971;135;9972.0;42.0;0.0;0.0;9970.5;0.0
1;30524.0;9970.0;193.0;0.0;0.0;0.0;0.0;9972;114;9973.0;79.0;0.0;0.0;9971.0;0.0
1;30525.0;9970.0;186.0;0.0;0.0;0.0;0.0;9972;110;9973.0;76.0;0.0;0.0;9971.0;0.0
1;30526.0;9971.0;102.0;9970.0;80.0;0.0;0.0;9973;182;0.0;0.0;0.0;0.0;9972.0;0.0
1;30527.0;9971.0;199.0;0.0;0.0;0.0;0.0;9973;129;9974.0;70.0;0.0;0.0;9972.0;0.0
1;30528.0;9972.0;142.0;9971.0;73.0;0.0;0.0;9973;142;9974.0;73.0;0.0;0.0;9972.5;0.0
1;30529.0;9972.0;132.0;9971.0;61.0;0.0;0.0;9973;135;9974.0;61.0;0.0;0.0;9972.5;0.0
1;30530.0;9971.0;147.0;9970.0;78.0;0.0;0.0;9973;225;0.0;0.0;0.0;0.0;9972.0;0.0
1;30531.0;9971.0;118.0;9970.0;49.0;0.0;0.0;9973;167;0.0;0.0;0.0;0.0;9972.0;0.0
1;30532.0;9971.0;141.0;9970.0;55.0;0.0;0.0;9972;131;9973.0;55.0;0.0;0.0;9971.5;0.0
1;30533.0;9972.0;147.0;9971.0;79.0;0.0;0.0;9974;226;0.0;0.0;0.0;0.0;9973.0;0.0
1;30534.0;9972.0;105.0;9971.0;65.0;0.0;0.0;9974;170;0.0;0.0;0.0;0.0;9973.0;0.0
1;30535.0;9974.0;138.0;9973.0;64.0;0.0;0.0;9976;202;0.0;0.0;0.0;0.0;9975.0;0.0
1;30536.0;9974.0;119.0;9973.0;80.0;0.0;0.0;9975;119;9976.0;80.0;0.0;0.0;9974.5;0.0
1;30537.0;9975.0;106.0;9974.0;77.0;0.0;0.0;9977;183;0.0;0.0;0.0;0.0;9976.0;0.0
1;30538.0;9973.0;103.0;9972.0;72.0;0.0;0.0;9975;175;0.0;0.0;0.0;0.0;9974.0;0.0
1;30539.0;9974.0;132.0;9973.0;62.0;0.0;0.0;9975;132;9976.0;62.0;0.0;0.0;9974.5;0.0
1;30540.0;9974.0;105.0;9973.0;77.0;0.0;0.0;9976;182;0.0;0.0;0.0;0.0;9975.0;0.0
1;30541.0;9974.0;137.0;9973.0;67.0;0.0;0.0;9976;204;0.0;0.0;0.0;0.0;9975.0;0.0
1;30542.0;9975.0;144.0;0.0;0.0;0.0;0.0;9977;103;9978.0;41.0;0.0;0.0;9976.0;0.0
1;30543.0;9975.0;114.0;9974.0;77.0;0.0;0.0;9976;114;9977.0;77.0;0.0;0.0;9975.5;0.0
1;30544.0;9976.0;174.0;0.0;0.0;0.0;0.0;9978;119;9979.0;55.0;0.0;0.0;9977.0;0.0
1;30545.0;9976.0;137.0;9975.0;50.0;0.0;0.0;9978;187;0.0;0.0;0.0;0.0;9977.0;0.0
1;30546.0;9976.0;146.0;9975.0;46.0;0.0;0.0;9978;192;0.0;0.0;0.0;0.0;9977.0;0.0
1;30547.0;9975.0;109.0;9974.0;45.0;0.0;0.0;9977;154;0.0;0.0;0.0;0.0;9976.0;0.0
1;30548.0;9975.0;176.0;0.0;0.0;0.0;0.0;9977;114;9978.0;62.0;0.0;0.0;9976.0;0.0
1;30549.0;9975.0;132.0;9974.0;57.0;0.0;0.0;9977;189;0.0;0.0;0.0;0.0;9976.0;0.0
1;30550.0;9975.0;131.0;9974.0;56.0;0.0;0.0;9977;187;0.0;0.0;0.0;0.0;9976.0;0.0
1;30551.0;9975.0;123.0;9974.0;63.0;0.0;0.0;9977;186;0.0;0.0;0.0;0.0;9976.0;0.0
1;30552.0;9975.0;185.0;0.0;0.0;0.0;0.0;9977;134;9978.0;51.0;0.0;0.0;9976.0;0.0
1;30553.0;9974.0;105.0;9973.0;67.0;0.0;0.0;9976;172;0.0;0.0;0.0;0.0;9975.0;0.0
1;30554.0;9974.0;100.0;9973.0;71.0;0.0;0.0;9975;100;9976.0;71.0;0.0;0.0;9974.5;0.0
1;30555.0;9974.0;111.0;9973.0;60.0;0.0;0.0;9975;114;9976.0;60.0;0.0;0.0;9974.5;0.0
1;30556.0;9974.0;147.0;9973.0;58.0;0.0;0.0;9975;147;9976.0;58.0;0.0;0.0;9974.5;0.0
1;30557.0;9973.0;133.0;9972.0;77.0;0.0;0.0;9975;210;0.0;0.0;0.0;0.0;9974.0;0.0
1;30558.0;9973.0;100.0;9972.0;65.0;0.0;0.0;9974;100;9975.0;65.0;0.0;0.0;9973.5;0.0
1;30559.0;9972.0;101.0;9971.0;58.0;0.0;0.0;9974;159;0.0;0.0;0.0;0.0;9973.0;0.0
1;30560.0;9971.0;134.0;9970.0;61.0;0.0;0.0;9973;195;0.0;0.0;0.0;0.0;9972.0;0.0
1;30561.0;9972.0;109.0;9971.0;60.0;0.0;0.0;9973;109;9974.0;60.0;0.0;0.0;9972.5;0.0
1;30562.0;9973.0;128.0;9972.0;69.0;0.0;0.0;9975;197;0.0;0.0;0.0;0.0;9974.0;0.0
1;30563.0;9973.0;139.0;9972.0;76.0;0.0;0.0;9974;148;9975.0;76.0;0.0;0.0;9973.5;0.0
1;30564.0;9973.0;144.0;9972.0;68.0;0.0;0.0;9974;144;9975.0;68.0;0.0;0.0;9973.5;0.0
1;30565.0;9970.0;106.0;9969.0;55.0;0.0;0.0;9971;106;9972.0;55.0;0.0;0.0;9970.5;0.0
1;30566.0;9971.0;108.0;9970.0;66.0;0.0;0.0;9973;174;0.0;0.0;0.0;0.0;9972.0;0.0
1;30567.0;9972.0;123.0;9971.0;49.0;0.0;0.0;9973;123;9974.0;49.0;0.0;0.0;9972.5;0.0
1;30568.0;9969.0;125.0;9968.0;57.0;0.0;0.0;9971;182;0.0;0.0;0.0;0.0;9970.0;0.0
1;30569.0;9971.0;112.0;9970.0;54.0;0.0;0.0;9972;112;9973.0;54.0;0.0;0.0;9971.5;0.0
1;30570.0;9971.0;103.0;9970.0;60.0;0.0;0.0;9972;103;9973.0;60.0;0.0;0.0;9971.5;0.0
1;30571.0;9971.0;143.0;9970.0;78.0;0.0;0.0;9972;143;9973.0;78.0;0.0;0.0;9971.5;0.0
1;30572.0;9969.0;115.0;9968.0;80.0;0.0;0.0;9971;195;0.0;0.0;0.0;0.0;9970.0;0.0
1;30573.0;9969.0;142.0;9968.0;58.0;0.0;0.0;9970;142;9971.0;58.0;0.0;0.0;9969.5;0.0
1;30574.0;9967.0;122.0;9966.0;63.0;0.0;0.0;9968;122;9969.0;63.0;0.0;0.0;9967.5;0.0
1;30575.0;9966.0;181.0;0.0;0.0;0.0;0.0;9968;114;9969.0;67.0;0.0;0.0;9967.0;0.0
1;30576.0;9967.0;199.0;0.0;0.0;0.0;0.0;9969;134;9970.0;65.0;0.0;0.0;9968.0;0.0
1;30577.0;9967.0;142.0;9966.0;47.0;0.0;0.0;9968;142;9969.0;47.0;0.0;0.0;9967.5;0.0
1;30578.0;9965.0;113.0;9964.0;76.0;0.0;0.0;9967;189;0.0;0.0;0.0;0.0;9966.0;0.0
1;30579.0;9966.0;146.0;9965.0;55.0;0.0;0.0;9967;146;9968.0;55.0;0.0;0.0;9966.5;0.0
1;30580.0;9964.0;153.0;0.0;0.0;0.0;0.0;9966;106;9967.0;47.0;0.0;0.0;9965.0;0.0
1;30581.0;9964.0;207.0;0.0;0.0;0.0;0.0;9966;135;9967.0;70.0;0.0;0.0;9965.0;0.0
1;30582.0;9964.0;206.0;0.0;0.0;0.0;0.0;9966;130;9967.0;76.0;0.0;0.0;9965.0;0.0
1;30583.0;9966.0;117.0;9965.0;50.0;0.0;0.0;9967;117;9968.0;50.0;0.0;0.0;9966.5;0.0
1;30584.0;9966.0;112.0;9965.0;77.0;0.0;0.0;9967;112;9968.0;77.0;0.0;0.0;9966.5;0.0
1;30585.0;9966.0;144.0;9965.0;76.0;0.0;0.0;9968;220;0.0;0.0;0.0;0.0;9967.0;0.0
1;30586.0;9964.0;101.0;9963.0;80.0;0.0;0.0;9966;181;0.0;0.0;0.0;0.0;9965.0;0.0
1;30587.0;9964.0;130.0;9963.0;47.0;0.0;0.0;9966;177;0.0;0.0;0.0;0.0;9965.0;0.0
1;30588.0;9964.0;115.0;9963.0;69.0;0.0;0.0;9965;108;9966.0;69.0;0.0;0.0;9964.5;0.0
1;30589.0;9962.0;129.0;9961.0;40.0;0.0;0.0;9963;129;9964.0;40.0;0.0;0.0;9962.5;0.0
1;30590.0;9962.0;110.0;9961.0;52.0;0.0;0.0;9963;110;9964.0;52.0;0.0;0.0;9962.5;0.0
1;30591.0;9962.0;187.0;0.0;0.0;0.0;0.0;9964;144;9965.0;43.0;0.0;0.0;9963.0;0.0
1;30592.0;9961.0;117.0;9960.0;78.0;0.0;0.0;9962;117;9963.0;78.0;0.0;0.0;9961.5;0.0
1;30593.0;9960.0;124.0;9959.0;66.0;0.0;0.0;9961;124;9962.0;66.0;0.0;0.0;9960.5;0.0
1;30594.0;9960.0;108.0;9959.0;78.0;0.0;0.0;9961;113;9962.0;78.0;0.0;0.0;9960.5;0.0
1;30595.0;9960.0;150.0;9959.0;40.0;0.0;0.0;9961;150;9962.0;40.0;0.0;0.0;9960.5;0.0
1;30596.0;9960.0;228.0;0.0;0.0;0.0;0.0;9962;148;9963.0;80.0;0.0;0.0;9961.0;0.0
1;30597.0;9959.0;8.0;9958.0;155.0;0.0;0.0;9960;110;9961.0;45.0;0.0;0.0;9959.5;0.0
1;30598.0;9957.0;190.0;0.0;0.0;0.0;0.0;9959;114;9960.0;76.0;0.0;0.0;9958.0;0.0
1;30599.0;9958.0;124.0;9957.0;71.0;0.0;0.0;9959;117;9960.0;71.0;0.0;0.0;9958.5;0.0
1;30600.0;9956.0;124.0;9955.0;55.0;0.0;0.0;9958;179;0.0;0.0;0.0;0.0;9957.0;0.0
1;30601.0;9954.0;115.0;9953.0;72.0;0.0;0.0;9956;187;0.0;0.0;0.0;0.0;9955.0;0.0
1;30602.0;9955.0;147.0;9954.0;54.0;0.0;0.0;9956;147;9957.0;54.0;0.0;0.0;9955.5;0.0
1;30603.0;9954.0;133.0;9953.0;75.0;0.0;0.0;9955;133;9956.0;75.0;0.0;0.0;9954.5;0.0
1;30604.0;9955.0;202.0;0.0;0.0;0.0;0.0;9957;142;9958.0;60.0;0.0;0.0;9956.0;0.0
1;30605.0;9955.0;115.0;9954.0;49.0;0.0;0.0;9956;115;9957.0;49.0;0.0;0.0;9955.5;0.0
1;30606.0;9955.0;142.0;9954.0;48.0;0.0;0.0;9956;142;9957.0;48.0;0.0;0.0;9955.5;0.0
1;30607.0;9955.0;144.0;9954.0;61.0;0.0;0.0;9957;205;0.0;0.0;0.0;0.0;9956.0;0.0
1;30608.0;9955.0;201.0;0.0;0.0;0.0;0.0;9957;142;9958.0;59.0;0.0;0.0;9956.0;0.0
1;30609.0;9956.0;126.0;9955.0;80.0;0.0;0.0;9957;126;9958.0;80.0;0.0;0.0;9956.5;0.0
1;30610.0;9957.0;120.0;9956.0;71.0;0.0;0.0;9958;120;9959.0;71.0;0.0;0.0;9957.5;0.0
1;30611.0;9956.0;129.0;9955.0;74.0;0.0;0.0;9957;129;9958.0;74.0;0.0;0.0;9956.5;0.0
1;30612.0;9956.0;125.0;9955.0;41.0;0.0;0.0;9957;134;9958.0;41.0;0.0;0.0;9956.5;0.0
1;30613.0;9954.0;151.0;0.0;0.0;0.0;0.0;9956;110;9957.0;41.0;0.0;0.0;9955.0;0.0
1;30614.0;9953.0;143.0;9952.0;69.0;0.0;0.0;9954;143;9955.0;69.0;0.0;0.0;9953.5;0.0
1;30615.0;9952.0;116.0;9951.0;80.0;0.0;0.0;9954;196;0.0;0.0;0.0;0.0;9953.0;0.0
1;30616.0;9951.0;144.0;9950.0;73.0;0.0;0.0;9953;217;0.0;0.0;0.0;0.0;9952.0;0.0
1;30617.0;9952.0;190.0;0.0;0.0;0.0;0.0;9954;134;9955.0;59.0;0.0;0.0;9953.0;0.0
1;30618.0;9953.0;106.0;9952.0;75.0;0.0;0.0;9955;181;0.0;0.0;0.0;0.0;9954.0;0.0
1;30619.0;9952.0;199.0;0.0;0.0;0.0;0.0;9954;199;0.0;0.0;0.0;0.0;9953.0;0.0
1;30620.0;9951.0;145.0;9950.0;53.0;0.0;0.0;9952;136;9953.0;53.0;0.0;0.0;9951.5;0.0
1;30621.0;9950.0;102.0;9949.0;73.0;0.0;0.0;9952;175;0.0;0.0;0.0;0.0;9951.0;0.0
1;30622.0;9950.0;129.0;9949.0;70.0;0.0;0.0;9952;199;0.0;0.0;0.0;0.0;9951.0;0.0
1;30623.0;9950.0;108.0;9949.0;64.0;0.0;0.0;9951;108;9952.0;64.0;0.0;0.0;9950.5;0.0
1;30624.0;9950.0;117.0;9949.0;59.0;0.0;0.0;9951;117;9952.0;59.0;0.0;0.0;9950.5;0.0
1;30625.0;9949.0;110.0;9948.0;76.0;0.0;0.0;9951;186;0.0;0.0;0.0;0.0;9950.0;0.0
1;30626.0;9949.0;5.0;9948.0;171.0;0.0;0.0;9950;118;9951.0;53.0;0.0;0.0;9949.5;0.0
1;30627.0;9947.0;156.0;0.0;0.0;0.0;0.0;9949;105;9950.0;51.0;0.0;0.0;9948.0;0.0
1;30628.0;9948.0;198.0;0.0;0.0;0.0;0.0;9950;146;9951.0;52.0;0.0;0.0;9949.0;0.0
1;30629.0;9948.0;212.0;0.0;0.0;0.0;0.0;9950;133;9951.0;79.0;0.0;0.0;9949.0;0.0
1;30630.0;9947.0;141.0;9946.0;56.0;0.0;0.0;9948;141;9949.0;56.0;0.0;0.0;9947.5;0.0
1;30631.0;9948.0;128.0;9947.0;77.0;0.0;0.0;9949;128;9950.0;77.0;0.0;0.0;9948.5;0.0
1;30632.0;9948.0;142.0;9947.0;80.0;0.0;0.0;9949;142;9950.0;80.0;0.0;0.0;9948.5;0.0
1;30633.0;9945.0;184.0;0.0;0.0;0.0;0.0;9947;133;9948.0;51.0;0.0;0.0;9946.0;0.0
1;30634.0;9945.0;144.0;9944.0;72.0;0.0;0.0;9947;216;0.0;0.0;0.0;0.0;9946.0;0.0
1;30635.0;9946.0;110.0;9945.0;64.0;0.0;0.0;9947;110;9948.0;64.0;0.0;0.0;9946.5;0.0
1;30636.0;9946.0;142.0;9945.0;56.0;0.0;0.0;9948;198;0.0;0.0;0.0;0.0;9947.0;0.0
1;30637.0;9945.0;201.0;0.0;0.0;0.0;0.0;9947;126;9948.0;75.0;0.0;0.0;9946.0;0.0
1;30638.0;9945.0;109.0;9944.0;40.0;0.0;0.0;9946;109;9947.0;40.0;0.0;0.0;9945.5;0.0
1;30639.0;9943.0;176.0;0.0;0.0;0.0;0.0;9945;109;9946.0;67.0;0.0;0.0;9944.0;0.0
1;30640.0;9945.0;121.0;9944.0;65.0;0.0;0.0;9946;121;9947.0;65.0;0.0;0.0;9945.5;0.0
1;30641.0;9945.0;132.0;9944.0;51.0;0.0;0.0;9947;183;0.0;0.0;0.0;0.0;9946.0;0.0
1;30642.0;9945.0;176.0;0.0;0.0;0.0;0.0;9947;102;9948.0;71.0;0.0;0.0;9946.0;0.0
1;30643.0;9946.0;207.0;0.0;0.0;0.0;0.0;9948;150;9949.0;57.0;0.0;0.0;9947.0;0.0
1;30644.0;9946.0;133.0;9945.0;73.0;0.0;0.0;9947;133;9948.0;73.0;0.0;0.0;9946.5;0.0
1;30645.0;9944.0;111.0;9943.0;51.0;0.0;0.0;9946;162;0.0;0.0;0.0;0.0;9945.0;0.0
1;30646.0;9943.0;198.0;0.0;0.0;0.0;0.0;9945;198;0.0;0.0;0.0;0.0;9944.0;0.0
1;30647.0;9943.0;191.0;0.0;0.0;0.0;0.0;9945;124;9946.0;67.0;0.0;0.0;9944.0;0.0
1;30648.0;9943.0;115.0;9942.0;42.0;0.0;0.0;9944;115;9945.0;42.0;0.0;0.0;9943.5;0.0
1;30649.0;9943.0;150.0;9942.0;44.0;0.0;0.0;9944;150;9945.0;44.0;0.0;0.0;9943.5;0.0
1;30650.0;9942.0;149.0;0.0;0.0;0.0;0.0;9944;103;9945.0;46.0;0.0;0.0;9943.0;0.0
1;30651.0;9942.0;119.0;9941.0;72.0;0.0;0.0;9944;191;0.0;0.0;0.0;0.0;9943.0;0.0
1;30652.0;9943.0;120.0;9942.0;62.0;0.0;0.0;9945;182;0.0;0.0;0.0;0.0;9944.0;0.0
1;30653.0;9943.0;117.0;9942.0;49.0;0.0;0.0;9944;117;9945.0;49.0;0.0;0.0;9943.5;0.0
1;30654.0;9943.0;142.0;9942.0;77.0;0.0;0.0;9945;219;0.0;0.0;0.0;0.0;9944.0;0.0
1;30655.0;9944.0;108.0;9943.0;74.0;0.0;0.0;9945;108;9946.0;74.0;0.0;0.0;9944.5;0.0
1;30656.0;9943.0;131.0;9942.0;62.0;0.0;0.0;9944;136;9945.0;62.0;0.0;0.0;9943.5;0.0
1;30657.0;9942.0;149.0;9941.0;69.0;0.0;0.0;9943;149;9944.0;69.0;0.0;0.0;9942.5;0.0
1;30658.0;9942.0;172.0;0.0;0.0;0.0;0.0;9944;126;9945.0;46.0;0.0;0.0;9943.0;0.0
1;30659.0;9945.0;129.0;9944.0;64.0;0.0;0.0;9946;136;9947.0;64.0;0.0;0.0;9945.5;0.0
1;30660.0;9943.0;110.0;9942.0;79.0;0.0;0.0;9944;103;9945.0;79.0;0.0;0.0;9943.5;0.0
1;30661.0;9943.0;146.0;9942.0;68.0;0.0;0.0;9944;146;9945.0;68.0;0.0;0.0;9943.5;0.0
1;30662.0;9943.0;116.0;9942.0;64.0;0.0;0.0;9944;116;9945.0;64.0;0.0;0.0;9943.5;0.0
1;30663.0;9944.0;146.0;9943.0;58.0;0.0;0.0;9945;146;9946.0;58.0;0.0;0.0;9944.5;0.0
1;30664.0;9945.0;133.0;9944.0;63.0;0.0;0.0;9946;133;9947.0;63.0;0.0;0.0;9945.5;0.0
1;30665.0;9945.0;102.0;9944.0;48.0;0.0;0.0;9946;102;9947.0;48.0;0.0;0.0;9945.5;0.0
1;30666.0;9946.0;164.0;0.0;0.0;0.0;0.0;9948;113;9949.0;51.0;0.0;0.0;9947.0;0.0
1;30667.0;9946.0;141.0;9945.0;80.0;0.0;0.0;9947;141;9948.0;80.0;0.0;0.0;9946.5;0.0
1;30668.0;9945.0;181.0;0.0;0.0;0.0;0.0;9947;107;9948.0;74.0;0.0;0.0;9946.0;0.0
1;30669.0;9944.0;116.0;9943.0;77.0;0.0;0.0;9946;193;0.0;0.0;0.0;0.0;9945.0;0.0
1;30670.0;9943.0;122.0;9942.0;69.0;0.0;0.0;9945;198;0.0;0.0;0.0;0.0;9944.0;0.0
1;30671.0;9944.0;150.0;9943.0;61.0;0.0;0.0;9945;142;9946.0;61.0;0.0;0.0;9944.5;0.0
1;30672.0;9946.0;139.0;9945.0;65.0;0.0;0.0;9947;139;9948.0;65.0;0.0;0.0;9946.5;0.0
1;30673.0;9945.0;146.0;9944.0;47.0;0.0;0.0;9947;193;0.0;0.0;0.0;0.0;9946.0;0.0
1;30674.0;9946.0;123.0;9945.0;44.0;0.0;0.0;9947;123;9948.0;44.0;0.0;0.0;9946.5;0.0
1;30675.0;9946.0;137.0;9945.0;44.0;0.0;0.0;9948;181;0.0;0.0;0.0;0.0;9947.0;0.0
1;30676.0;9946.0;126.0;9945.0;52.0;0.0;0.0;9948;178;0.0;0.0;0.0;0.0;9947.0;0.0
1;30677.0;9946.0;126.0;9945.0;60.0;0.0;0.0;9947;126;9948.0;60.0;0.0;0.0;9946.5;0.0
1;30678.0;9947.0;207.0;0.0;0.0;0.0;0.0;9949;129;9950.0;78.0;0.0;0.0;9948.0;0.0
1;30679.0;9948.0;142.0;9947.0;60.0;0.0;0.0;9950;202;0.0;0.0;0.0;0.0;9949.0;0.0
1;30680.0;9949.0;106.0;9948.0;50.0;0.0;0.0;9951;156;0.0;0.0;0.0;0.0;9950.0;0.0
1;30681.0;9950.0;136.0;9949.0;74.0;0.0;0.0;9952;210;0.0;0.0;0.0;0.0;9951.0;0.0
1;30682.0;9951.0;111.0;9950.0;43.0;0.0;0.0;9952;111;9953.0;43.0;0.0;0.0;9951.5;0.0
1;30683.0;9950.0;138.0;9949.0;58.0;0.0;0.0;9951;138;9952.0;58.0;0.0;0.0;9950.5;0.0
1;30684.0;9950.0;111.0;9949.0;75.0;0.0;0.0;9952;186;0.0;0.0;0.0;0.0;9951.0;0.0
1;30685.0;9951.0;136.0;9950.0;50.0;0.0;0.0;9952;136;9953.0;50.0;0.0;0.0;9951.5;0.0
1;30686.0;9954.0;124.0;9953.0;76.0;0.0;0.0;9955;124;9956.0;76.0;0.0;0.0;9954.5;0.0
1;30687.0;9954.0;116.0;9953.0;65.0;0.0;0.0;9956;181;0.0;0.0;0.0;0.0;9955.0;0.0
1;30688.0;9954.0;9.0;9953.0;219.0;0.0;0.0;9955;140;9956.0;79.0;0.0;0.0;9954.5;0.0
1;30689.0;9954.0;103.0;9953.0;48.0;0.0;0.0;9956;151;0.0;0.0;0.0;0.0;9955.0;0.0
1;30690.0;9955.0;164.0;0.0;0.0;0.0;0.0;9957;117;9958.0;47.0;0.0;0.0;9956.0;0.0
1;30691.0;9955.0;113.0;9954.0;55.0;0.0;0.0;9956;113;9957.0;55.0;0.0;0.0;9955.5;0.0
1;30692.0;9954.0;110.0;9953.0;59.0;0.0;0.0;9955;120;9956.0;59.0;0.0;0.0;9954.5;0.0
1;30693.0;9955.0;129.0;9954.0;76.0;0.0;0.0;9956;129;9957.0;76.0;0.0;0.0;9955.5;0.0
1;30694.0;9953.0;167.0;0.0;0.0;0.0;0.0;9955;111;9956.0;56.0;0.0;0.0;9954.0;0.0
1;30695.0;9952.0;197.0;0.0;0.0;0.0;0.0;9954;132;9955.0;65.0;0.0;0.0;9953.0;0.0
1;30696.0;9953.0;111.0;9952.0;78.0;0.0;0.0;9954;111;9955.0;78.0;0.0;0.0;9953.5;0.0
1;30697.0;9954.0;208.0;0.0;0.0;0.0;0.0;9956;150;9957.0;58.0;0.0;0.0;9955.0;0.0
1;30698.0;9954.0;129.0;9953.0;47.0;0.0;0.0;9955;129;9956.0;47.0;0.0;0.0;9954.5;0.0
1;30699.0;9954.0;138.0;9953.0;76.0;0.0;0.0;9955;131;9956.0;76.0;0.0;0.0;9954.5;0.0
1;30700.0;9953.0;97.0;9952.0;71.0;0.0;0.0;9955;176;0.0;0.0;0.0;0.0;9954.0;0.0
1;30701.0;9953.0;119.0;9952.0;77.0;0.0;0.0;9954;119;9955.0;77.0;0.0;0.0;9953.5;0.0
1;30702.0;9953.0;114.0;9952.0;47.0;0.0;0.0;9955;161;0.0;0.0;0.0;0.0;9954.0;0.0
1;30703.0;9952.0;102.0;9951.0;56.0;0.0;0.0;9953;102;9954.0;56.0;0.0;0.0;9952.5;0.0
1;30704.0;9951.0;128.0;9950.0;54.0;0.0;0.0;9952;119;9953.0;54.0;0.0;0.0;9951.5;0.0
1;30705.0;9951.0;205.0;0.0;0.0;0.0;0.0;9953;150;9954.0;55.0;0.0;0.0;9952.0;0.0
1;30706.0;9951.0;164.0;0.0;0.0;0.0;0.0;9953;123;9954.0;41.0;0.0;0.0;9952.0;0.0
1;30707.0;9953.0;122.0;9952.0;61.0;0.0;0.0;9954;122;9955.0;61.0;0.0;0.0;9953.5;0.0
1;30708.0;9954.0;8.0;9953.0;185.0;0.0;0.0;9955;129;9956.0;56.0;0.0;0.0;9954.5;0.0
1;30709.0;9954.0;145.0;9953.0;61.0;0.0;0.0;9955;145;9956.0;61.0;0.0;0.0;9954.5;0.0
1;30710.0;9953.0;222.0;0.0;0.0;0.0;0.0;9955;145;9956.0;77.0;0.0;0.0;9954.0;0.0
1;30711.0;9953.0;138.0;9952.0;64.0;0.0;0.0;9955;202;0.0;0.0;0.0;0.0;9954.0;0.0
1;30712.0;9954.0;122.0;9953.0;47.0;0.0;0.0;9955;122;9956.0;47.0;0.0;0.0;9954.5;0.0
1;30713.0;9954.0;124.0;9953.0;71.0;0.0;0.0;9956;195;0.0;0.0;0.0;0.0;9955.0;0.0
1;30714.0;9954.0;132.0;9953.0;59.0;0.0;0.0;9955;132;9956.0;59.0;0.0;0.0;9954.5;0.0
1;30715.0;9955.0;130.0;9954.0;43.0;0.0;0.0;9956;136;9957.0;43.0;0.0;0.0;9955.5;0.0
1;30716.0;9955.0;140.0;9954.0;66.0;0.0;0.0;9956;140;9957.0;66.0;0.0;0.0;9955.5;0.0
1;30717.0;9955.0;175.0;0.0;0.0;0.0;0.0;9957;133;9958.0;42.0;0.0;0.0;9956.0;0.0
1;30718.0;9955.0;104.0;9954.0;74.0;0.0;0.0;9956;104;9957.0;74.0;0.0;0.0;9955.5;0.0
1;30719.0;9956.0;139.0;9955.0;56.0;0.0;0.0;9958;203;0.0;0.0;0.0;0.0;9957.0;0.0
1;30720.0;9956.0;132.0;9955.0;61.0;0.0;0.0;9957;132;9958.0;61.0;0.0;0.0;9956.5;0.0
1;30721.0;9956.0;107.0;9955.0;43.0;0.0;0.0;9957;107;9958.0;43.0;0.0;0.0;9956.5;0.0
1;30722.0;9956.0;146.0;9955.0;61.0;0.0;0.0;9957;146;9958.0;61.0;0.0;0.0;9956.5;0.0
1;30723.0;9953.0;182.0;0.0;0.0;0.0;0.0;9955;128;9956.0;54.0;0.0;0.0;9954.0;0.0
1;30724.0;9954.0;128.0;9953.0;75.0;0.0;0.0;9955;128;9956.0;75.0;0.0;0.0;9954.5;0.0
1;30725.0;9953.0;112.0;9952.0;51.0;0.0;0.0;9954;112;9955.0;51.0;0.0;0.0;9953.5;0.0
1;30726.0;9954.0;123.0;9953.0;63.0;0.0;0.0;9955;123;9956.0;63.0;0.0;0.0;9954.5;0.0
1;30727.0;9954.0;107.0;9953.0;77.0;0.0;0.0;9956;184;0.0;0.0;0.0;0.0;9955.0;0.0
1;30728.0;9955.0;127.0;9954.0;73.0;0.0;0.0;9957;200;0.0;0.0;0.0;0.0;9956.0;0.0
1;30729.0;9956.0;137.0;9955.0;52.0;0.0;0.0;9957;137;9958.0;52.0;0.0;0.0;9956.5;0.0
1;30730.0;9956.0;121.0;9955.0;63.0;0.0;0.0;9958;184;0.0;0.0;0.0;0.0;9957.0;0.0
1;30731.0;9955.0;173.0;0.0;0.0;0.0;0.0;9957;100;9958.0;73.0;0.0;0.0;9956.0;0.0
1;30732.0;9955.0;94.0;9954.0;76.0;0.0;0.0;9957;179;0.0;0.0;0.0;0.0;9956.0;0.0
1;30733.0;9955.0;129.0;9954.0;72.0;0.0;0.0;9956;129;9957.0;72.0;0.0;0.0;9955.5;0.0
1;30734.0;9955.0;139.0;9954.0;61.0;0.0;0.0;9957;200;0.0;0.0;0.0;0.0;9956.0;0.0
1;30735.0;9955.0;127.0;9954.0;49.0;0.0;0.0;9956;127;9957.0;49.0;0.0;0.0;9955.5;0.0
1;30736.0;9956.0;101.0;9955.0;72.0;0.0;0.0;9958;173;0.0;0.0;0.0;0.0;9957.0;0.0
1;30737.0;9956.0;189.0;0.0;0.0;0.0;0.0;9958;149;9959.0;40.0;0.0;0.0;9957.0;0.0
1;30738.0;9956.0;175.0;0.0;0.0;0.0;0.0;9958;112;9959.0;63.0;0.0;0.0;9957.0;0.0
1;30739.0;9958.0;112.0;9957.0;62.0;0.0;0.0;9959;112;9960.0;62.0;0.0;0.0;9958.5;0.0
1;30740.0;9959.0;147.0;9958.0;66.0;0.0;0.0;9960;147;9961.0;66.0;0.0;0.0;9959.5;0.0
1;30741.0;9959.0;115.0;9958.0;42.0;0.0;0.0;9960;115;9961.0;42.0;0.0;0.0;9959.5;0.0
1;30742.0;9958.0;189.0;0.0;0.0;0.0;0.0;9960;106;9961.0;80.0;0.0;0.0;9959.0;0.0
1;30743.0;9958.0;172.0;0.0;0.0;0.0;0.0;9960;120;9961.0;52.0;0.0;0.0;9959.0;0.0
1;30744.0;9959.0;133.0;9958.0;55.0;0.0;0.0;9961;188;0.0;0.0;0.0;0.0;9960.0;0.0
1;30745.0;9960.0;145.0;9959.0;80.0;0.0;0.0;9961;145;9962.0;80.0;0.0;0.0;9960.5;0.0
1;30746.0;9961.0;158.0;9960.0;55.0;0.0;0.0;9962;150;9963.0;55.0;0.0;0.0;9961.5;0.0
1;30747.0;9962.0;180.0;0.0;0.0;0.0;0.0;9964;106;9965.0;74.0;0.0;0.0;9963.0;0.0
1;30748.0;9964.0;110.0;9963.0;71.0;0.0;0.0;9965;110;9966.0;71.0;0.0;0.0;9964.5;0.0
1;30749.0;9961.0;178.0;0.0;0.0;0.0;0.0;9962;8;9963.0;129.0;9964.0;49.0;9961.5;0.0
1;30750.0;9963.0;150.0;9962.0;75.0;0.0;0.0;9964;150;9965.0;75.0;0.0;0.0;9963.5;0.0
1;30751.0;9963.0;110.0;9962.0;79.0;0.0;0.0;9964;117;9965.0;79.0;0.0;0.0;9963.5;0.0
1;30752.0;9963.0;137.0;9962.0;66.0;0.0;0.0;9965;203;0.0;0.0;0.0;0.0;9964.0;0.0
1;30753.0;9962.0;143.0;9961.0;44.0;0.0;0.0;9964;187;0.0;0.0;0.0;0.0;9963.0;0.0
1;30754.0;9964.0;122.0;9963.0;51.0;0.0;0.0;9965;122;9966.0;51.0;0.0;0.0;9964.5;0.0
1;30755.0;9961.0;118.0;9960.0;44.0;0.0;0.0;9963;162;0.0;0.0;0.0;0.0;9962.0;0.0
1;30756.0;9960.0;164.0;0.0;0.0;0.0;0.0;9962;111;9963.0;53.0;0.0;0.0;9961.0;0.0
1;30757.0;9960.0;104.0;9959.0;69.0;0.0;0.0;9962;173;0.0;0.0;0.0;0.0;9961.0;0.0
1;30758.0;9960.0;101.0;9959.0;55.0;0.0;0.0;9962;156;0.0;0.0;0.0;0.0;9961.0;0.0
1;30759.0;9958.0;113.0;9957.0;52.0;0.0;0.0;9960;165;0.0;0.0;0.0;0.0;9959.0;0.0
1;30760.0;9958.0;168.0;0.0;0.0;0.0;0.0;9959;9;9960.0;108.0;9961.0;60.0;9958.5;0.0
1;30761.0;9959.0;133.0;9958.0;73.0;0.0;0.0;9960;133;9961.0;73.0;0.0;0.0;9959.5;0.0
1;30762.0;9959.0;166.0;0.0;0.0;0.0;0.0;9961;106;9962.0;60.0;0.0;0.0;9960.0;0.0
1;30763.0;9956.0;175.0;0.0;0.0;0.0;0.0;9958;118;9959.0;57.0;0.0;0.0;9957.0;0.0
1;30764.0;9956.0;108.0;9955.0;45.0;0.0;0.0;9957;108;9958.0;45.0;0.0;0.0;9956.5;0.0
1;30765.0;9956.0;140.0;9955.0;70.0;0.0;0.0;9958;210;0.0;0.0;0.0;0.0;9957.0;0.0
1;30766.0;9957.0;140.0;9956.0;74.0;0.0;0.0;9958;140;9959.0;74.0;0.0;0.0;9957.5;0.0
1;30767.0;9957.0;133.0;9956.0;57.0;0.0;0.0;9959;190;0.0;0.0;0.0;0.0;9958.0;0.0
1;30768.0;9959.0;129.0;9958.0;73.0;0.0;0.0;9960;129;9961.0;73.0;0.0;0.0;9959.5;0.0
1;30769.0;9959.0;131.0;9958.0;47.0;0.0;0.0;9960;131;9961.0;47.0;0.0;0.0;9959.5;0.0
1;30770.0;9957.0;183.0;0.0;0.0;0.0;0.0;9959;136;9960.0;47.0;0.0;0.0;9958.0;0.0
1;30771.0;9958.0;101.0;9957.0;43.0;0.0;0.0;9959;101;9960.0;43.0;0.0;0.0;9958.5;0.0
1;30772.0;9957.0;152.0;0.0;0.0;0.0;0.0;9959;110;9960.0;42.0;0.0;0.0;9958.0;0.0
1;30773.0;9958.0;127.0;9957.0;61.0;0.0;0.0;9959;135;9960.0;61.0;0.0;0.0;9958.5;0.0
1;30774.0;9957.0;128.0;9956.0;59.0;0.0;0.0;9958;128;9959.0;59.0;0.0;0.0;9957.5;0.0
1;30775.0;9956.0;122.0;9955.0;61.0;0.0;0.0;9958;183;0.0;0.0;0.0;0.0;9957.0;0.0
1;30776.0;9955.0;127.0;9954.0;59.0;0.0;0.0;9957;186;0.0;0.0;0.0;0.0;9956.0;0.0
1;30777.0;9955.0;111.0;9954.0;64.0;0.0;0.0;9956;111;9957.0;64.0;0.0;0.0;9955.5;0.0
1;30778.0;9954.0;96.0;9953.0;43.0;0.0;0.0;9955;102;9956.0;43.0;0.0;0.0;9954.5;0.0
1;30779.0;9955.0;144.0;9954.0;62.0;0.0;0.0;9956;144;9957.0;62.0;0.0;0.0;9955.5;0.0
1;30780.0;9955.0;114.0;9954.0;47.0;0.0;0.0;9956;107;9957.0;47.0;0.0;0.0;9955.5;0.0
1;30781.0;9954.0;145.0;9953.0;42.0;0.0;0.0;9955;145;9956.0;42.0;0.0;0.0;9954.5;0.0
1;30782.0;9954.0;149.0;9953.0;78.0;0.0;0.0;9955;149;9956.0;78.0;0.0;0.0;9954.5;0.0
1;30783.0;9954.0;124.0;9953.0;73.0;0.0;0.0;9955;124;9956.0;73.0;0.0;0.0;9954.5;0.0
1;30784.0;9956.0;131.0;9955.0;46.0;0.0;0.0;9957;131;9958.0;46.0;0.0;0.0;9956.5;0.0
1;30785.0;9956.0;100.0;9955.0;68.0;0.0;0.0;9958;168;0.0;0.0;0.0;0.0;9957.0;0.0
1;30786.0;9956.0;127.0;9955.0;67.0;0.0;0.0;9957;127;9958.0;67.0;0.0;0.0;9956.5;0.0
1;30787.0;9954.0;126.0;9953.0;61.0;0.0;0.0;9956;187;0.0;0.0;0.0;0.0;9955.0;0.0
1;30788.0;9954.0;101.0;9953.0;62.0;0.0;0.0;9955;101;9956.0;62.0;0.0;0.0;9954.5;0.0
1;30789.0;9954.0;112.0;9953.0;59.0;0.0;0.0;9956;171;0.0;0.0;0.0;0.0;9955.0;0.0
1;30790.0;9955.0;107.0;9954.0;60.0;0.0;0.0;9956;107;9957.0;60.0;0.0;0.0;9955.5;0.0
1;30791.0;9954.0;138.0;9953.0;69.0;0.0;0.0;9955;138;9956.0;69.0;0.0;0.0;9954.5;0.0
1;30792.0;9954.0;146.0;9953.0;59.0;0.0;0.0;9955;146;9956.0;59.0;0.0;0.0;9954.5;0.0
1;30793.0;9953.0;147.0;9952.0;54.0;0.0;0.0;9955;201;0.0;0.0;0.0;0.0;9954.0;0.0
1;30794.0;9953.0;121.0;9952.0;73.0;0.0;0.0;9955;201;0.0;0.0;0.0;0.0;9954.0;0.0
1;30795.0;9953.0;156.0;0.0;0.0;0.0;0.0;9955;111;9956.0;45.0;0.0;0.0;9954.0;0.0
1;30796.0;9953.0;120.0;9952.0;61.0;0.0;0.0;9954;120;9955.0;61.0;0.0;0.0;9953.5;0.0
1;30797.0;9952.0;175.0;0.0;0.0;0.0;0.0;9954;131;9955.0;44.0;0.0;0.0;9953.0;0.0
1;30798.0;9951.0;146.0;0.0;0.0;0.0;0.0;9953;103;9954.0;43.0;0.0;0.0;9952.0;0.0
1;30799.0;9950.0;187.0;0.0;0.0;0.0;0.0;9952;133;9953.0;54.0;0.0;0.0;9951.0;0.0
1;30800.0;9951.0;150.0;0.0;0.0;0.0;0.0;9953;101;9954.0;49.0;0.0;0.0;9952.0;0.0
1;30801.0;9954.0;131.0;9953.0;52.0;0.0;0.0;9955;131;9956.0;52.0;0.0;0.0;9954.5;0.0
1;30802.0;9955.0;148.0;9954.0;44.0;0.0;0.0;9957;192;0.0;0.0;0.0;0.0;9956.0;0.0
1;30803.0;9954.0;131.0;9953.0;43.0;0.0;0.0;9955;131;9956.0;43.0;0.0;0.0;9954.5;0.0
1;30804.0;9955.0;114.0;9954.0;80.0;0.0;0.0;9957;194;0.0;0.0;0.0;0.0;9956.0;0.0
1;30805.0;9955.0;120.0;9954.0;78.0;0.0;0.0;9957;198;0.0;0.0;0.0;0.0;9956.0;0.0
1;30806.0;9955.0;113.0;9954.0;59.0;0.0;0.0;9957;172;0.0;0.0;0.0;0.0;9956.0;0.0
1;30807.0;9956.0;127.0;9955.0;62.0;0.0;0.0;9957;127;9958.0;62.0;0.0;0.0;9956.5;0.0
1;30808.0;9956.0;204.0;0.0;0.0;0.0;0.0;9957;6;9958.0;149.0;9959.0;55.0;9956.5;0.0
1;30809.0;9956.0;193.0;0.0;0.0;0.0;0.0;9958;118;9959.0;75.0;0.0;0.0;9957.0;0.0
1;30810.0;9957.0;157.0;0.0;0.0;0.0;0.0;9959;109;9960.0;48.0;0.0;0.0;9958.0;0.0
1;30811.0;9957.0;130.0;9956.0;70.0;0.0;0.0;9959;200;0.0;0.0;0.0;0.0;9958.0;0.0
1;30812.0;9958.0;102.0;9957.0;47.0;0.0;0.0;9960;149;0.0;0.0;0.0;0.0;9959.0;0.0
1;30813.0;9959.0;159.0;0.0;0.0;0.0;0.0;9961;105;9962.0;54.0;0.0;0.0;9960.0;0.0
1;30814.0;9957.0;133.0;9956.0;64.0;0.0;0.0;9958;133;9959.0;64.0;0.0;0.0;9957.5;0.0
1;30815.0;9957.0;140.0;9956.0;52.0;0.0;0.0;9959;192;0.0;0.0;0.0;0.0;9958.0;0.0
1;30816.0;9958.0;181.0;0.0;0.0;0.0;0.0;9960;103;9961.0;78.0;0.0;0.0;9959.0;0.0
1;30817.0;9958.0;181.0;0.0;0.0;0.0;0.0;9960;133;9961.0;48.0;0.0;0.0;9959.0;0.0
1;30818.0;9958.0;147.0;9957.0;40.0;0.0;0.0;9960;187;0.0;0.0;0.0;0.0;9959.0;0.0
1;30819.0;9958.0;133.0;9957.0;66.0;0.0;0.0;9959;123;9960.0;66.0;0.0;0.0;9958.5;0.0
1;30820.0;9958.0;136.0;9957.0;76.0;0.0;0.0;9959;136;9960.0;76.0;0.0;0.0;9958.5;0.0
1;30821.0;9959.0;146.0;9958.0;73.0;0.0;0.0;9960;146;9961.0;73.0;0.0;0.0;9959.5;0.0
1;30822.0;9957.0;205.0;0.0;0.0;0.0;0.0;9959;134;9960.0;71.0;0.0;0.0;9958.0;0.0
1;30823.0;9958.0;203.0;0.0;0.0;0.0;0.0;9960;130;9961.0;73.0;0.0;0.0;9959.0;0.0
1;30824.0;9958.0;197.0;0.0;0.0;0.0;0.0;9960;146;9961.0;51.0;0.0;0.0;9959.0;0.0
1;30825.0;9960.0;142.0;9959.0;75.0;0.0;0.0;9961;142;9962.0;75.0;0.0;0.0;9960.5;0.0
1;30826.0;9959.0;217.0;0.0;0.0;0.0;0.0;9961;147;9962.0;70.0;0.0;0.0;9960.0;0.0
1;30827.0;9961.0;143.0;9960.0;64.0;0.0;0.0;9963;202;0.0;0.0;0.0;0.0;9962.0;0.0
1;30828.0;9962.0;123.0;9961.0;54.0;0.0;0.0;9963;123;9964.0;54.0;0.0;0.0;9962.5;0.0
1;30829.0;9962.0;109.0;9961.0;52.0;0.0;0.0;9963;109;9964.0;52.0;0.0;0.0;9962.5;0.0
1;30830.0;9961.0;105.0;9960.0;50.0;0.0;0.0;9963;160;0.0;0.0;0.0;0.0;9962.0;0.0
1;30831.0;9960.0;110.0;9959.0;76.0;0.0;0.0;9961;102;9962.0;76.0;0.0;0.0;9960.5;0.0
1;30832.0;9958.0;121.0;9957.0;59.0;0.0;0.0;9960;180;0.0;0.0;0.0;0.0;9959.0;0.0
1;30833.0;9956.0;213.0;0.0;0.0;0.0;0.0;9958;145;9959.0;68.0;0.0;0.0;9957.0;0.0
1;30834.0;9958.0;110.0;9957.0;75.0;0.0;0.0;9960;185;0.0;0.0;0.0;0.0;9959.0;0.0
1;30835.0;9960.0;206.0;0.0;0.0;0.0;0.0;9962;128;9963.0;78.0;0.0;0.0;9961.0;0.0
1;30836.0;9962.0;182.0;0.0;0.0;0.0;0.0;9964;103;9965.0;79.0;0.0;0.0;9963.0;0.0
1;30837.0;9961.0;190.0;0.0;0.0;0.0;0.0;9963;128;9964.0;62.0;0.0;0.0;9962.0;0.0
1;30838.0;9962.0;117.0;9961.0;49.0;0.0;0.0;9963;117;9964.0;49.0;0.0;0.0;9962.5;0.0
1;30839.0;9961.0;110.0;9960.0;46.0;0.0;0.0;9962;110;9963.0;46.0;0.0;0.0;9961.5;0.0
1;30840.0;9959.0;128.0;9958.0;45.0;0.0;0.0;9960;128;9961.0;45.0;0.0;0.0;9959.5;0.0
1;30841.0;9957.0;194.0;0.0;0.0;0.0;0.0;9959;143;9960.0;51.0;0.0;0.0;9958.0;0.0
1;30842.0;9955.0;146.0;9954.0;47.0;0.0;0.0;9957;193;0.0;0.0;0.0;0.0;9956.0;0.0
1;30843.0;9956.0;146.0;9955.0;80.0;0.0;0.0;9958;226;0.0;0.0;0.0;0.0;9957.0;0.0
1;30844.0;9956.0;104.0;9955.0;44.0;0.0;0.0;9957;104;9958.0;44.0;0.0;0.0;9956.5;0.0
1;30845.0;9956.0;116.0;9955.0;53.0;0.0;0.0;9957;116;9958.0;53.0;0.0;0.0;9956.5;0.0
1;30846.0;9955.0;180.0;0.0;0.0;0.0;0.0;9957;129;9958.0;51.0;0.0;0.0;9956.0;0.0
1;30847.0;9956.0;127.0;9955.0;55.0;0.0;0.0;9957;127;9958.0;55.0;0.0;0.0;9956.5;0.0
1;30848.0;9955.0;183.0;0.0;0.0;0.0;0.0;9957;142;9958.0;41.0;0.0;0.0;9956.0;0.0
1;30849.0;9955.0;133.0;9954.0;80.0;0.0;0.0;9957;213;0.0;0.0;0.0;0.0;9956.0;0.0
1;30850.0;9955.0;208.0;0.0;0.0;0.0;0.0;9957;138;9958.0;70.0;0.0;0.0;9956.0;0.0
1;30851.0;9955.0;139.0;9954.0;68.0;0.0;0.0;9957;202;0.0;0.0;0.0;0.0;9956.0;0.0
1;30852.0;9955.0;150.0;9954.0;55.0;0.0;0.0;9957;205;0.0;0.0;0.0;0.0;9956.0;0.0
1;30853.0;9955.0;110.0;9954.0;67.0;0.0;0.0;9956;110;9957.0;67.0;0.0;0.0;9955.5;0.0
1;30854.0;9954.0;138.0;9953.0;51.0;0.0;0.0;9955;138;9956.0;51.0;0.0;0.0;9954.5;0.0
1;30855.0;9954.0;118.0;9953.0;52.0;0.0;0.0;9955;118;9956.0;52.0;0.0;0.0;9954.5;0.0
1;30856.0;9952.0;93.0;9951.0;74.0;0.0;0.0;9954;176;0.0;0.0;0.0;0.0;9953.0;0.0
1;30857.0;9953.0;109.0;9952.0;47.0;0.0;0.0;9955;149;0.0;0.0;0.0;0.0;9954.0;0.0
1;30858.0;9952.0;154.0;9951.0;48.0;0.0;0.0;9954;194;0.0;0.0;0.0;0.0;9953.0;0.0
1;30859.0;9954.0;122.0;9953.0;44.0;0.0;0.0;9955;114;9956.0;44.0;0.0;0.0;9954.5;0.0
1;30860.0;9953.0;139.0;9952.0;47.0;0.0;0.0;9954;139;9955.0;47.0;0.0;0.0;9953.5;0.0
1;30861.0;9953.0;210.0;0.0;0.0;0.0;0.0;9955;150;9956.0;60.0;0.0;0.0;9954.0;0.0
1;30862.0;9953.0;105.0;9952.0;69.0;0.0;0.0;9954;105;9955.0;69.0;0.0;0.0;9953.5;0.0
1;30863.0;9953.0;224.0;0.0;0.0;0.0;0.0;9955;145;9956.0;79.0;0.0;0.0;9954.0;0.0
1;30864.0;9951.0;144.0;9950.0;72.0;0.0;0.0;9952;144;9953.0;72.0;0.0;0.0;9951.5;0.0
1;30865.0;9950.0;132.0;9949.0;54.0;0.0;0.0;9951;132;9952.0;54.0;0.0;0.0;9950.5;0.0
1;30866.0;9950.0;113.0;9949.0;62.0;0.0;0.0;9952;181;0.0;0.0;0.0;0.0;9951.0;0.0
1;30867.0;9949.0;5.0;9948.0;217.0;0.0;0.0;9950;143;9951.0;74.0;0.0;0.0;9949.5;0.0
1;30868.0;9950.0;116.0;9949.0;56.0;0.0;0.0;9951;116;9952.0;56.0;0.0;0.0;9950.5;0.0
1;30869.0;9948.0;142.0;9947.0;73.0;0.0;0.0;9949;142;9950.0;73.0;0.0;0.0;9948.5;0.0
1;30870.0;9949.0;133.0;9948.0;49.0;0.0;0.0;9950;133;9951.0;49.0;0.0;0.0;9949.5;0.0
1;30871.0;9947.0;139.0;9946.0;52.0;0.0;0.0;9948;130;9949.0;52.0;0.0;0.0;9947.5;0.0
1;30872.0;9947.0;157.0;0.0;0.0;0.0;0.0;9949;116;9950.0;41.0;0.0;0.0;9948.0;0.0
1;30873.0;9950.0;110.0;9949.0;74.0;0.0;0.0;9951;110;9952.0;74.0;0.0;0.0;9950.5;0.0
1;30874.0;9950.0;108.0;9949.0;47.0;0.0;0.0;9951;108;9952.0;47.0;0.0;0.0;9950.5;0.0
1;30875.0;9950.0;144.0;9949.0;63.0;0.0;0.0;9952;207;0.0;0.0;0.0;0.0;9951.0;0.0
1;30876.0;9952.0;124.0;9951.0;61.0;0.0;0.0;9953;124;9954.0;61.0;0.0;0.0;9952.5;0.0
1;30877.0;9951.0;153.0;0.0;0.0;0.0;0.0;9953;105;9954.0;48.0;0.0;0.0;9952.0;0.0
1;30878.0;9952.0;143.0;9951.0;62.0;0.0;0.0;9953;143;9954.0;62.0;0.0;0.0;9952.5;0.0
1;30879.0;9951.0;104.0;9950.0;65.0;0.0;0.0;9952;104;9953.0;65.0;0.0;0.0;9951.5;0.0
1;30880.0;9951.0;124.0;9950.0;47.0;0.0;0.0;9952;124;9953.0;47.0;0.0;0.0;9951.5;0.0
1;30881.0;9951.0;135.0;9950.0;64.0;0.0;0.0;9952;135;9953.0;64.0;0.0;0.0;9951.5;0.0
1;30882.0;9949.0;172.0;0.0;0.0;0.0;0.0;9951;124;9952.0;48.0;0.0;0.0;9950.0;0.0
1;30883.0;9949.0;127.0;9948.0;52.0;0.0;0.0;9950;127;9951.0;52.0;0.0;0.0;9949.5;0.0
1;30884.0;9949.0;105.0;9948.0;71.0;0.0;0.0;9951;176;0.0;0.0;0.0;0.0;9950.0;0.0
1;30885.0;9949.0;212.0;0.0;0.0;0.0;0.0;9951;140;9952.0;72.0;0.0;0.0;9950.0;0.0
1;30886.0;9949.0;97.0;9948.0;42.0;0.0;0.0;9950;106;9951.0;42.0;0.0;0.0;9949.5;0.0
1;30887.0;9950.0;146.0;9949.0;56.0;0.0;0.0;9951;146;9952.0;56.0;0.0;0.0;9950.5;0.0
1;30888.0;9949.0;189.0;0.0;0.0;0.0;0.0;9951;109;9952.0;80.0;0.0;0.0;9950.0;0.0
1;30889.0;9949.0;101.0;9948.0;42.0;0.0;0.0;9951;143;0.0;0.0;0.0;0.0;9950.0;0.0
1;30890.0;9948.0;107.0;9947.0;64.0;0.0;0.0;9949;107;9950.0;64.0;0.0;0.0;9948.5;0.0
1;30891.0;9946.0;106.0;9945.0;45.0;0.0;0.0;9947;106;9948.0;45.0;0.0;0.0;9946.5;0.0
1;30892.0;9943.0;219.0;0.0;0.0;0.0;0.0;9945;144;9946.0;75.0;0.0;0.0;9944.0;0.0
1;30893.0;9943.0;119.0;9942.0;76.0;0.0;0.0;9945;195;0.0;0.0;0.0;0.0;9944.0;0.0
1;30894.0;9941.0;141.0;9940.0;78.0;0.0;0.0;9943;224;0.0;0.0;0.0;0.0;9942.0;0.0
1;30895.0;9942.0;126.0;9941.0;48.0;0.0;0.0;9943;126;9944.0;48.0;0.0;0.0;9942.5;0.0
1;30896.0;9942.0;119.0;9941.0;51.0;0.0;0.0;9944;170;0.0;0.0;0.0;0.0;9943.0;0.0
1;30897.0;9942.0;218.0;0.0;0.0;0.0;0.0;9944;141;9945.0;77.0;0.0;0.0;9943.0;0.0
1;30898.0;9943.0;179.0;0.0;0.0;0.0;0.0;9945;106;9946.0;73.0;0.0;0.0;9944.0;0.0
1;30899.0;9943.0;211.0;0.0;0.0;0.0;0.0;9945;148;9946.0;63.0;0.0;0.0;9944.0;0.0
1;30900.0;9944.0;8.0;9943.0;178.0;0.0;0.0;9945;108;9946.0;70.0;0.0;0.0;9944.5;0.0
1;30901.0;9944.0;137.0;9943.0;76.0;0.0;0.0;9945;137;9946.0;76.0;0.0;0.0;9944.5;0.0
1;30902.0;9945.0;136.0;9944.0;61.0;0.0;0.0;9946;136;9947.0;61.0;0.0;0.0;9945.5;0.0
1;30903.0;9944.0;145.0;9943.0;66.0;0.0;0.0;9945;145;9946.0;66.0;0.0;0.0;9944.5;0.0
1;30904.0;9943.0;122.0;9942.0;78.0;0.0;0.0;9945;209;0.0;0.0;0.0;0.0;9944.0;0.0
1;30905.0;9945.0;138.0;9944.0;67.0;0.0;0.0;9946;138;9947.0;67.0;0.0;0.0;9945.5;0.0
1;30906.0;9943.0;194.0;0.0;0.0;0.0;0.0;9945;146;9946.0;48.0;0.0;0.0;9944.0;0.0
1;30907.0;9945.0;143.0;9944.0;47.0;0.0;0.0;9946;143;9947.0;47.0;0.0;0.0;9945.5;0.0
1;30908.0;9945.0;140.0;9944.0;63.0;0.0;0.0;9946;140;9947.0;63.0;0.0;0.0;9945.5;0.0
1;30909.0;9946.0;149.0;9945.0;54.0;0.0;0.0;9947;149;9948.0;54.0;0.0;0.0;9946.5;0.0
1;30910.0;9946.0;128.0;9945.0;79.0;0.0;0.0;9948;207;0.0;0.0;0.0;0.0;9947.0;0.0
1;30911.0;9947.0;147.0;9946.0;50.0;0.0;0.0;9948;147;9949.0;50.0;0.0;0.0;9947.5;0.0
1;30912.0;9947.0;102.0;9946.0;53.0;0.0;0.0;9948;102;9949.0;53.0;0.0;0.0;9947.5;0.0
1;30913.0;9947.0;117.0;9946.0;51.0;0.0;0.0;9948;117;9949.0;51.0;0.0;0.0;9947.5;0.0
1;30914.0;9947.0;118.0;9946.0;51.0;0.0;0.0;9948;118;9949.0;51.0;0.0;0.0;9947.5;0.0
1;30915.0;9945.0;107.0;9944.0;72.0;0.0;0.0;9946;107;9947.0;72.0;0.0;0.0;9945.5;0.0
1;30916.0;9946.0;134.0;9945.0;51.0;0.0;0.0;9947;134;9948.0;51.0;0.0;0.0;9946.5;0.0
1;30917.0;9946.0;136.0;9945.0;45.0;0.0;0.0;9947;136;9948.0;45.0;0.0;0.0;9946.5;0.0
1;30918.0;9946.0;106.0;9945.0;40.0;0.0;0.0;9947;106;9948.0;40.0;0.0;0.0;9946.5;0.0
1;30919.0;9948.0;8.0;9947.0;182.0;0.0;0.0;9949;108;9950.0;74.0;0.0;0.0;9948.5;0.0
1;30920.0;9948.0;142.0;9947.0;62.0;0.0;0.0;9949;142;9950.0;62.0;0.0;0.0;9948.5;0.0
1;30921.0;9946.0;143.0;9945.0;63.0;0.0;0.0;9947;143;9948.0;63.0;0.0;0.0;9946.5;0.0
1;30922.0;9946.0;126.0;9945.0;48.0;0.0;0.0;9947;126;9948.0;48.0;0.0;0.0;9946.5;0.0
1;30923.0;9944.0;213.0;0.0;0.0;0.0;0.0;9946;141;9947.0;72.0;0.0;0.0;9945.0;0.0
1;30924.0;9944.0;180.0;0.0;0.0;0.0;0.0;9946;122;9947.0;58.0;0.0;0.0;9945.0;0.0
1;30925.0;9944.0;125.0;9943.0;50.0;0.0;0.0;9945;125;9946.0;50.0;0.0;0.0;9944.5;0.0
1;30926.0;9944.0;173.0;0.0;0.0;0.0;0.0;9946;117;9947.0;56.0;0.0;0.0;9945.0;0.0
1;30927.0;9945.0;101.0;9944.0;72.0;0.0;0.0;9946;101;9947.0;72.0;0.0;0.0;9945.5;0.0
1;30928.0;9946.0;123.0;9945.0;44.0;0.0;0.0;9947;123;9948.0;44.0;0.0;0.0;9946.5;0.0
1;30929.0;9946.0;184.0;0.0;0.0;0.0;0.0;9948;119;9949.0;65.0;0.0;0.0;9947.0;0.0
1;30930.0;9945.0;186.0;0.0;0.0;0.0;0.0;9947;142;9948.0;44.0;0.0;0.0;9946.0;0.0
1;30931.0;9946.0;125.0;9945.0;61.0;0.0;0.0;9947;125;9948.0;61.0;0.0;0.0;9946.5;0.0
1;30932.0;9947.0;127.0;9946.0;51.0;0.0;0.0;9949;178;0.0;0.0;0.0;0.0;9948.0;0.0
1;30933.0;9947.0;171.0;0.0;0.0;0.0;0.0;9949;118;9950.0;53.0;0.0;0.0;9948.0;0.0
1;30934.0;9948.0;118.0;9947.0;43.0;0.0;0.0;9950;161;0.0;0.0;0.0;0.0;9949.0;0.0
1;30935.0;9946.0;137.0;9945.0;51.0;0.0;0.0;9948;188;0.0;0.0;0.0;0.0;9947.0;0.0
1;30936.0;9946.0;147.0;9945.0;80.0;0.0;0.0;9948;227;0.0;0.0;0.0;0.0;9947.0;0.0
1;30937.0;9945.0;204.0;0.0;0.0;0.0;0.0;9947;134;9948.0;70.0;0.0;0.0;9946.0;0.0
1;30938.0;9946.0;103.0;9945.0;46.0;0.0;0.0;9947;103;9948.0;46.0;0.0;0.0;9946.5;0.0
1;30939.0;9947.0;172.0;0.0;0.0;0.0;0.0;9949;116;9950.0;56.0;0.0;0.0;9948.0;0.0
1;30940.0;9948.0;100.0;9947.0;48.0;0.0;0.0;9949;100;9950.0;48.0;0.0;0.0;9948.5;0.0
1;30941.0;9947.0;127.0;9946.0;71.0;0.0;0.0;9948;127;9949.0;71.0;0.0;0.0;9947.5;0.0
1;30942.0;9946.0;133.0;9945.0;68.0;0.0;0.0;9947;133;9948.0;68.0;0.0;0.0;9946.5;0.0
1;30943.0;9946.0;139.0;9945.0;60.0;0.0;0.0;9947;139;9948.0;60.0;0.0;0.0;9946.5;0.0
1;30944.0;9946.0;133.0;9945.0;46.0;0.0;0.0;9947;133;9948.0;46.0;0.0;0.0;9946.5;0.0
1;30945.0;9947.0;123.0;9946.0;78.0;0.0;0.0;9949;201;0.0;0.0;0.0;0.0;9948.0;0.0
1;30946.0;9948.0;117.0;9947.0;47.0;0.0;0.0;9949;117;9950.0;47.0;0.0;0.0;9948.5;0.0
1;30947.0;9948.0;149.0;9947.0;52.0;0.0;0.0;9950;201;0.0;0.0;0.0;0.0;9949.0;0.0
1;30948.0;9949.0;147.0;9948.0;44.0;0.0;0.0;9950;147;9951.0;44.0;0.0;0.0;9949.5;0.0
1;30949.0;9951.0;105.0;9950.0;63.0;0.0;0.0;9952;105;9953.0;63.0;0.0;0.0;9951.5;0.0
1;30950.0;9949.0;201.0;0.0;0.0;0.0;0.0;9951;126;9952.0;75.0;0.0;0.0;9950.0;0.0
1;30951.0;9950.0;112.0;9949.0;47.0;0.0;0.0;9952;159;0.0;0.0;0.0;0.0;9951.0;0.0
1;30952.0;9951.0;101.0;9950.0;61.0;0.0;0.0;9952;101;9953.0;61.0;0.0;0.0;9951.5;0.0
1;30953.0;9950.0;137.0;9949.0;65.0;0.0;0.0;9951;137;9952.0;65.0;0.0;0.0;9950.5;0.0
1;30954.0;9951.0;152.0;0.0;0.0;0.0;0.0;9953;152;0.0;0.0;0.0;0.0;9952.0;0.0
1;30955.0;9951.0;139.0;9950.0;45.0;0.0;0.0;9952;139;9953.0;45.0;0.0;0.0;9951.5;0.0
1;30956.0;9948.0;112.0;9947.0;77.0;0.0;0.0;9949;112;9950.0;77.0;0.0;0.0;9948.5;0.0
1;30957.0;9946.0;123.0;9945.0;62.0;0.0;0.0;9947;123;9948.0;62.0;0.0;0.0;9946.5;0.0
1;30958.0;9947.0;117.0;9946.0;70.0;0.0;0.0;9948;117;9949.0;70.0;0.0;0.0;9947.5;0.0
1;30959.0;9948.0;101.0;9947.0;48.0;0.0;0.0;9949;101;9950.0;48.0;0.0;0.0;9948.5;0.0
1;30960.0;9948.0;149.0;9947.0;63.0;0.0;0.0;9949;149;9950.0;63.0;0.0;0.0;9948.5;0.0
1;30961.0;9950.0;146.0;9949.0;74.0;0.0;0.0;9951;146;9952.0;74.0;0.0;0.0;9950.5;0.0
1;30962.0;9951.0;128.0;9950.0;51.0;0.0;0.0;9952;128;9953.0;51.0;0.0;0.0;9951.5;0.0
1;30963.0;9951.0;223.0;0.0;0.0;0.0;0.0;9952;8;9953.0;147.0;9954.0;76.0;9951.5;0.0
1;30964.0;9951.0;117.0;9950.0;79.0;0.0;0.0;9952;117;9953.0;79.0;0.0;0.0;9951.5;0.0
1;30965.0;9950.0;105.0;9949.0;68.0;0.0;0.0;9952;173;0.0;0.0;0.0;0.0;9951.0;0.0
1;30966.0;9951.0;109.0;9950.0;78.0;0.0;0.0;9952;114;9953.0;78.0;0.0;0.0;9951.5;0.0
1;30967.0;9950.0;146.0;9949.0;66.0;0.0;0.0;9952;212;0.0;0.0;0.0;0.0;9951.0;0.0
1;30968.0;9951.0;140.0;9950.0;66.0;0.0;0.0;9953;206;0.0;0.0;0.0;0.0;9952.0;0.0
1;30969.0;9951.0;117.0;9950.0;51.0;0.0;0.0;9952;117;9953.0;51.0;0.0;0.0;9951.5;0.0
1;30970.0;9952.0;122.0;9951.0;50.0;0.0;0.0;9953;122;9954.0;50.0;0.0;0.0;9952.5;0.0
1;30971.0;9952.0;9.0;9951.0;162.0;0.0;0.0;9953;121;9954.0;41.0;0.0;0.0;9952.5;0.0
1;30972.0;9951.0;131.0;9950.0;59.0;0.0;0.0;9952;131;9953.0;59.0;0.0;0.0;9951.5;0.0
1;30973.0;9950.0;123.0;9949.0;55.0;0.0;0.0;9952;178;0.0;0.0;0.0;0.0;9951.0;0.0
1;30974.0;9950.0;127.0;9949.0;44.0;0.0;0.0;9951;134;9952.0;44.0;0.0;0.0;9950.5;0.0
1;30975.0;9951.0;119.0;9950.0;75.0;0.0;0.0;9952;119;9953.0;75.0;0.0;0.0;9951.5;0.0
1;30976.0;9951.0;108.0;9950.0;67.0;0.0;0.0;9953;175;0.0;0.0;0.0;0.0;9952.0;0.0
1;30977.0;9951.0;158.0;0.0;0.0;0.0;0.0;9953;111;9954.0;47.0;0.0;0.0;9952.0;0.0
1;30978.0;9951.0;109.0;9950.0;67.0;0.0;0.0;9953;176;0.0;0.0;0.0;0.0;9952.0;0.0
1;30979.0;9952.0;5.0;9951.0;175.0;0.0;0.0;9953;126;9954.0;49.0;0.0;0.0;9952.5;0.0
1;30980.0;9951.0;179.0;0.0;0.0;0.0;0.0;9953;132;9954.0;47.0;0.0;0.0;9952.0;0.0
1;30981.0;9951.0;147.0;9950.0;70.0;0.0;0.0;9953;217;0.0;0.0;0.0;0.0;9952.0;0.0
1;30982.0;9951.0;189.0;0.0;0.0;0.0;0.0;9953;189;0.0;0.0;0.0;0.0;9952.0;0.0
1;30983.0;9950.0;107.0;9949.0;48.0;0.0;0.0;9951;107;9952.0;48.0;0.0;0.0;9950.5;0.0
1;30984.0;9950.0;114.0;9949.0;58.0;0.0;0.0;9952;172;0.0;0.0;0.0;0.0;9951.0;0.0
1;30985.0;9950.0;141.0;9949.0;56.0;0.0;0.0;9952;197;0.0;0.0;0.0;0.0;9951.0;0.0
1;30986.0;9951.0;115.0;9950.0;67.0;0.0;0.0;9952;115;9953.0;67.0;0.0;0.0;9951.5;0.0
1;30987.0;9953.0;149.0;9952.0;66.0;0.0;0.0;9954;149;9955.0;66.0;0.0;0.0;9953.5;0.0
1;30988.0;9953.0;133.0;9952.0;80.0;0.0;0.0;9954;133;9955.0;80.0;0.0;0.0;9953.5;0.0
1;30989.0;9951.0;194.0;0.0;0.0;0.0;0.0;9953;140;9954.0;54.0;0.0;0.0;9952.0;0.0
1;30990.0;9953.0;127.0;9952.0;47.0;0.0;0.0;9954;121;9955.0;47.0;0.0;0.0;9953.5;0.0
1;30991.0;9954.0;185.0;0.0;0.0;0.0;0.0;9956;130;9957.0;55.0;0.0;0.0;9955.0;0.0
1;30992.0;9954.0;195.0;0.0;0.0;0.0;0.0;9956;128;9957.0;67.0;0.0;0.0;9955.0;0.0
1;30993.0;9954.0;148.0;0.0;0.0;0.0;0.0;9956;102;9957.0;46.0;0.0;0.0;9955.0;0.0
1;30994.0;9954.0;143.0;9953.0;72.0;0.0;0.0;9955;143;9956.0;72.0;0.0;0.0;9954.5;0.0
1;30995.0;9954.0;119.0;9953.0;74.0;0.0;0.0;9955;119;9956.0;74.0;0.0;0.0;9954.5;0.0
1;30996.0;9956.0;101.0;9955.0;61.0;0.0;0.0;9958;162;0.0;0.0;0.0;0.0;9957.0;0.0
1;30997.0;9957.0;167.0;0.0;0.0;0.0;0.0;9959;109;9960.0;58.0;0.0;0.0;9958.0;0.0
1;30998.0;9956.0;118.0;9955.0;58.0;0.0;0.0;9957;118;9958.0;58.0;0.0;0.0;9956.5;0.0
1;30999.0;9958.0;116.0;9957.0;43.0;0.0;0.0;9959;116;9960.0;43.0;0.0;0.0;9958.5;0.0
1;31000.0;9957.0;157.0;0.0;0.0;0.0;0.0;9959;117;9960.0;40.0;0.0;0.0;9958.0;0.0
1;31001.0;9957.0;191.0;0.0;0.0;0.0;0.0;9959;125;9960.0;66.0;0.0;0.0;9958.0;0.0
1;31002.0;9956.0;179.0;0.0;0.0;0.0;0.0;9958;132;9959.0;47.0;0.0;0.0;9957.0;0.0
1;31003.0;9956.0;121.0;9955.0;78.0;0.0;0.0;9957;121;9958.0;78.0;0.0;0.0;9956.5;0.0
1;31004.0;9957.0;148.0;9956.0;59.0;0.0;0.0;9958;148;9959.0;59.0;0.0;0.0;9957.5;0.0
1;31005.0;9959.0;125.0;9958.0;71.0;0.0;0.0;9960;125;9961.0;71.0;0.0;0.0;9959.5;0.0
1;31006.0;9960.0;129.0;9959.0;75.0;0.0;0.0;9962;204;0.0;0.0;0.0;0.0;9961.0;0.0
1;31007.0;9960.0;175.0;0.0;0.0;0.0;0.0;9962;121;9963.0;54.0;0.0;0.0;9961.0;0.0
1;31008.0;9958.0;141.0;9957.0;41.0;0.0;0.0;9959;141;9960.0;41.0;0.0;0.0;9958.5;0.0
1;31009.0;9959.0;127.0;9958.0;50.0;0.0;0.0;9960;127;9961.0;50.0;0.0;0.0;9959.5;0.0
1;31010.0;9957.0;196.0;0.0;0.0;0.0;0.0;9959;128;9960.0;68.0;0.0;0.0;9958.0;0.0
1;31011.0;9958.0;121.0;9957.0;74.0;0.0;0.0;9960;195;0.0;0.0;0.0;0.0;9959.0;0.0
1;31012.0;9958.0;110.0;9957.0;53.0;0.0;0.0;9959;110;9960.0;53.0;0.0;0.0;9958.5;0.0
1;31013.0;9958.0;135.0;9957.0;58.0;0.0;0.0;9959;135;9960.0;58.0;0.0;0.0;9958.5;0.0
1;31014.0;9956.0;135.0;9955.0;63.0;0.0;0.0;9958;188;0.0;0.0;0.0;0.0;9957.0;0.0
1;31015.0;9957.0;180.0;0.0;0.0;0.0;0.0;9959;136;9960.0;44.0;0.0;0.0;9958.0;0.0
1;31016.0;9958.0;139.0;9957.0;64.0;0.0;0.0;9960;198;0.0;0.0;0.0;0.0;9959.0;0.0
1;31017.0;9958.0;213.0;0.0;0.0;0.0;0.0;9960;143;9961.0;70.0;0.0;0.0;9959.0;0.0
1;31018.0;9957.0;192.0;0.0;0.0;0.0;0.0;9959;127;9960.0;65.0;0.0;0.0;9958.0;0.0
1;31019.0;9957.0;134.0;9956.0;60.0;0.0;0.0;9958;134;9959.0;60.0;0.0;0.0;9957.5;0.0
1;31020.0;9957.0;105.0;9956.0;43.0;0.0;0.0;9958;105;9959.0;43.0;0.0;0.0;9957.5;0.0
1;31021.0;9958.0;142.0;9957.0;65.0;0.0;0.0;9959;142;9960.0;65.0;0.0;0.0;9958.5;0.0
1;31022.0;9958.0;116.0;9957.0;55.0;0.0;0.0;9960;171;0.0;0.0;0.0;0.0;9959.0;0.0
1;31023.0;9956.0;127.0;9955.0;66.0;0.0;0.0;9957;127;9958.0;66.0;0.0;0.0;9956.5;0.0
1;31024.0;9956.0;9.0;9955.0;157.0;0.0;0.0;9957;113;9958.0;44.0;0.0;0.0;9956.5;0.0
1;31025.0;9956.0;171.0;0.0;0.0;0.0;0.0;9958;120;9959.0;51.0;0.0;0.0;9957.0;0.0
1;31026.0;9957.0;134.0;9956.0;75.0;0.0;0.0;9958;134;9959.0;75.0;0.0;0.0;9957.5;0.0
1;31027.0;9956.0;142.0;9955.0;61.0;0.0;0.0;9957;142;9958.0;61.0;0.0;0.0;9956.5;0.0
1;31028.0;9956.0;184.0;0.0;0.0;0.0;0.0;9958;118;9959.0;66.0;0.0;0.0;9957.0;0.0
1;31029.0;9955.0;143.0;9954.0;68.0;0.0;0.0;9956;149;9957.0;68.0;0.0;0.0;9955.5;0.0
1;31030.0;9956.0;147.0;9955.0;76.0;0.0;0.0;9957;147;9958.0;76.0;0.0;0.0;9956.5;0.0
1;31031.0;9956.0;119.0;9955.0;65.0;0.0;0.0;9958;184;0.0;0.0;0.0;0.0;9957.0;0.0
1;31032.0;9957.0;118.0;9956.0;64.0;0.0;0.0;9959;182;0.0;0.0;0.0;0.0;9958.0;0.0
1;31033.0;9957.0;118.0;9956.0;47.0;0.0;0.0;9958;123;9959.0;47.0;0.0;0.0;9957.5;0.0
1;31034.0;9957.0;104.0;9956.0;79.0;0.0;0.0;9958;104;9959.0;79.0;0.0;0.0;9957.5;0.0
1;31035.0;9956.0;104.0;9955.0;45.0;0.0;0.0;9957;104;9958.0;45.0;0.0;0.0;9956.5;0.0
1;31036.0;9956.0;121.0;9955.0;73.0;0.0;0.0;9957;126;9958.0;73.0;0.0;0.0;9956.5;0.0
1;31037.0;9954.0;109.0;9953.0;51.0;0.0;0.0;9955;109;9956.0;51.0;0.0;0.0;9954.5;0.0
1;31038.0;9952.0;127.0;9951.0;75.0;0.0;0.0;9954;202;0.0;0.0;0.0;0.0;9953.0;0.0
1;31039.0;9952.0;128.0;9951.0;52.0;0.0;0.0;9954;180;0.0;0.0;0.0;0.0;9953.0;0.0
1;31040.0;9952.0;125.0;9951.0;52.0;0.0;0.0;9954;177;0.0;0.0;0.0;0.0;9953.0;0.0
1;31041.0;9953.0;143.0;9952.0;53.0;0.0;0.0;9955;196;0.0;0.0;0.0;0.0;9954.0;0.0
1;31042.0;9953.0;134.0;9952.0;50.0;0.0;0.0;9954;134;9955.0;50.0;0.0;0.0;9953.5;0.0
1;31043.0;9955.0;119.0;9954.0;46.0;0.0;0.0;9956;119;9957.0;46.0;0.0;0.0;9955.5;0.0
1;31044.0;9953.0;207.0;0.0;0.0;0.0;0.0;9955;147;9956.0;60.0;0.0;0.0;9954.0;0.0
1;31045.0;9953.0;141.0;9952.0;43.0;0.0;0.0;9954;141;9955.0;43.0;0.0;0.0;9953.5;0.0
1;31046.0;9952.0;129.0;9951.0;40.0;0.0;0.0;9953;119;9954.0;40.0;0.0;0.0;9952.5;0.0
1;31047.0;9952.0;144.0;9951.0;66.0;0.0;0.0;9953;144;9954.0;66.0;0.0;0.0;9952.5;0.0
1;31048.0;9951.0;226.0;0.0;0.0;0.0;0.0;9953;148;9954.0;78.0;0.0;0.0;9952.0;0.0
1;31049.0;9951.0;125.0;9950.0;54.0;0.0;0.0;9952;125;9953.0;54.0;0.0;0.0;9951.5;0.0
1;31050.0;9951.0;168.0;0.0;0.0;0.0;0.0;9953;120;9954.0;48.0;0.0;0.0;9952.0;0.0
1;31051.0;9952.0;102.0;9951.0;79.0;0.0;0.0;9953;102;9954.0;79.0;0.0;0.0;9952.5;0.0
1;31052.0;9953.0;134.0;9952.0;72.0;0.0;0.0;9954;134;9955.0;72.0;0.0;0.0;9953.5;0.0
1;31053.0;9953.0;142.0;9952.0;43.0;0.0;0.0;9955;185;0.0;0.0;0.0;0.0;9954.0;0.0
1;31054.0;9954.0;121.0;9953.0;44.0;0.0;0.0;9956;165;0.0;0.0;0.0;0.0;9955.0;0.0
1;31055.0;9953.0;192.0;0.0;0.0;0.0;0.0;9955;150;9956.0;42.0;0.0;0.0;9954.0;0.0
1;31056.0;9954.0;141.0;9953.0;46.0;0.0;0.0;9955;141;9956.0;46.0;0.0;0.0;9954.5;0.0
1;31057.0;9953.0;103.0;9952.0;61.0;0.0;0.0;9954;103;9955.0;61.0;0.0;0.0;9953.5;0.0
1;31058.0;9953.0;118.0;9952.0;65.0;0.0;0.0;9954;118;9955.0;65.0;0.0;0.0;9953.5;0.0
1;31059.0;9953.0;194.0;0.0;0.0;0.0;0.0;9955;128;9956.0;66.0;0.0;0.0;9954.0;0.0
1;31060.0;9954.0;111.0;9953.0;66.0;0.0;0.0;9956;177;0.0;0.0;0.0;0.0;9955.0;0.0
1;31061.0;9953.0;109.0;9952.0;62.0;0.0;0.0;9954;118;9955.0;62.0;0.0;0.0;9953.5;0.0
1;31062.0;9953.0;104.0;9952.0;49.0;0.0;0.0;9954;112;9955.0;49.0;0.0;0.0;9953.5;0.0
1;31063.0;9952.0;107.0;9951.0;79.0;0.0;0.0;9954;186;0.0;0.0;0.0;0.0;9953.0;0.0
1;31064.0;9952.0;113.0;9951.0;48.0;0.0;0.0;9954;161;0.0;0.0;0.0;0.0;9953.0;0.0
1;31065.0;9950.0;113.0;9949.0;49.0;0.0;0.0;9952;162;0.0;0.0;0.0;0.0;9951.0;0.0
1;31066.0;9951.0;117.0;9950.0;56.0;0.0;0.0;9952;117;9953.0;56.0;0.0;0.0;9951.5;0.0
1;31067.0;9951.0;147.0;9950.0;67.0;0.0;0.0;9953;205;0.0;0.0;0.0;0.0;9952.0;0.0
1;31068.0;9951.0;104.0;9950.0;49.0;0.0;0.0;9953;153;0.0;0.0;0.0;0.0;9952.0;0.0
1;31069.0;9950.0;146.0;9949.0;80.0;0.0;0.0;9951;146;9952.0;80.0;0.0;0.0;9950.5;0.0
1;31070.0;9950.0;109.0;9949.0;40.0;0.0;0.0;9951;109;9952.0;40.0;0.0;0.0;9950.5;0.0
1;31071.0;9951.0;106.0;9950.0;71.0;0.0;0.0;9952;106;9953.0;71.0;0.0;0.0;9951.5;0.0
1;31072.0;9952.0;100.0;9951.0;48.0;0.0;0.0;9953;100;9954.0;48.0;0.0;0.0;9952.5;0.0
1;31073.0;9951.0;123.0;9950.0;50.0;0.0;0.0;9953;181;0.0;0.0;0.0;0.0;9952.0;0.0
1;31074.0;9951.0;125.0;9950.0;41.0;0.0;0.0;9953;166;0.0;0.0;0.0;0.0;9952.0;0.0
1;31075.0;9951.0;130.0;9950.0;41.0;0.0;0.0;9952;130;9953.0;41.0;0.0;0.0;9951.5;0.0
1;31076.0;9951.0;102.0;9950.0;42.0;0.0;0.0;9952;102;9953.0;42.0;0.0;0.0;9951.5;0.0
1;31077.0;9950.0;136.0;9949.0;62.0;0.0;0.0;9951;136;9952.0;62.0;0.0;0.0;9950.5;0.0
1;31078.0;9951.0;111.0;9950.0;52.0;0.0;0.0;9952;111;9953.0;52.0;0.0;0.0;9951.5;0.0
1;31079.0;9950.0;197.0;0.0;0.0;0.0;0.0;9952;118;9953.0;79.0;0.0;0.0;9951.0;0.0
1;31080.0;9948.0;190.0;0.0;0.0;0.0;0.0;9950;114;9951.0;76.0;0.0;0.0;9949.0;0.0
1;31081.0;9949.0;130.0;9948.0;71.0;0.0;0.0;9951;201;0.0;0.0;0.0;0.0;9950.0;0.0
1;31082.0;9950.0;136.0;9949.0;50.0;0.0;0.0;9952;186;0.0;0.0;0.0;0.0;9951.0;0.0
1;31083.0;9949.0;140.0;9948.0;70.0;0.0;0.0;9950;140;9951.0;70.0;0.0;0.0;9949.5;0.0
1;31084.0;9948.0;123.0;9947.0;63.0;0.0;0.0;9950;186;0.0;0.0;0.0;0.0;9949.0;0.0
1;31085.0;9948.0;195.0;0.0;0.0;0.0;0.0;9950;145;9951.0;50.0;0.0;0.0;9949.0;0.0
1;31086.0;9948.0;216.0;0.0;0.0;0.0;0.0;9950;148;9951.0;68.0;0.0;0.0;9949.0;0.0
1;31087.0;9950.0;166.0;0.0;0.0;0.0;0.0;9952;166;0.0;0.0;0.0;0.0;9951.0;0.0
1;31088.0;9951.0;7.0;9950.0;201.0;0.0;0.0;9952;129;9953.0;72.0;0.0;0.0;9951.5;0.0
1;31089.0;9951.0;113.0;9950.0;79.0;0.0;0.0;9952;113;9953.0;79.0;0.0;0.0;9951.5;0.0
1;31090.0;9953.0;105.0;9952.0;41.0;0.0;0.0;9954;105;9955.0;41.0;0.0;0.0;9953.5;0.0
1;31091.0;9952.0;125.0;9951.0;70.0;0.0;0.0;9954;195;0.0;0.0;0.0;0.0;9953.0;0.0
1;31092.0;9954.0;150.0;9953.0;68.0;0.0;0.0;9956;218;0.0;0.0;0.0;0.0;9955.0;0.0
1;31093.0;9953.0;199.0;0.0;0.0;0.0;0.0;9955;199;0.0;0.0;0.0;0.0;9954.0;0.0
1;31094.0;9953.0;148.0;9952.0;40.0;0.0;0.0;9954;143;9955.0;40.0;0.0;0.0;9953.5;0.0
1;31095.0;9952.0;141.0;9951.0;42.0;0.0;0.0;9953;141;9954.0;42.0;0.0;0.0;9952.5;0.0
1;31096.0;9950.0;3.0;9949.0;150.0;9948.0;51.0;9951;201;0.0;0.0;0.0;0.0;9950.5;0.0
1;31097.0;9950.0;119.0;9949.0;60.0;0.0;0.0;9951;119;9952.0;60.0;0.0;0.0;9950.5;0.0
1;31098.0;9950.0;132.0;9949.0;40.0;0.0;0.0;9951;132;9952.0;40.0;0.0;0.0;9950.5;0.0
1;31099.0;9952.0;102.0;9951.0;67.0;0.0;0.0;9953;102;9954.0;67.0;0.0;0.0;9952.5;0.0
1;31100.0;9953.0;144.0;9952.0;69.0;0.0;0.0;9954;144;9955.0;69.0;0.0;0.0;9953.5;0.0
1;31101.0;9954.0;146.0;9953.0;75.0;0.0;0.0;9956;221;0.0;0.0;0.0;0.0;9955.0;0.0
1;31102.0;9954.0;175.0;0.0;0.0;0.0;0.0;9956;114;9957.0;61.0;0.0;0.0;9955.0;0.0
1;31103.0;9955.0;176.0;0.0;0.0;0.0;0.0;9957;126;9958.0;50.0;0.0;0.0;9956.0;0.0
1;31104.0;9954.0;170.0;0.0;0.0;0.0;0.0;9956;123;9957.0;47.0;0.0;0.0;9955.0;0.0
1;31105.0;9954.0;127.0;9953.0;72.0;0.0;0.0;9956;199;0.0;0.0;0.0;0.0;9955.0;0.0
1;31106.0;9954.0;103.0;9953.0;75.0;0.0;0.0;9956;178;0.0;0.0;0.0;0.0;9955.0;0.0
1;31107.0;9956.0;130.0;9955.0;67.0;0.0;0.0;9957;130;9958.0;67.0;0.0;0.0;9956.5;0.0
1;31108.0;9956.0;144.0;9955.0;67.0;0.0;0.0;9958;211;0.0;0.0;0.0;0.0;9957.0;0.0
1;31109.0;9959.0;134.0;9958.0;51.0;0.0;0.0;9960;134;9961.0;51.0;0.0;0.0;9959.5;0.0
1;31110.0;9958.0;102.0;9957.0;75.0;0.0;0.0;9959;102;9960.0;75.0;0.0;0.0;9958.5;0.0
1;31111.0;9957.0;150.0;9956.0;61.0;0.0;0.0;9958;150;9959.0;61.0;0.0;0.0;9957.5;0.0
1;31112.0;9958.0;110.0;9957.0;72.0;0.0;0.0;9960;182;0.0;0.0;0.0;0.0;9959.0;0.0
1;31113.0;9962.0;100.0;9961.0;70.0;0.0;0.0;9964;170;0.0;0.0;0.0;0.0;9963.0;0.0
1;31114.0;9964.0;102.0;9963.0;65.0;0.0;0.0;9965;102;9966.0;65.0;0.0;0.0;9964.5;0.0
1;31115.0;9963.0;143.0;9962.0;49.0;0.0;0.0;9964;143;9965.0;49.0;0.0;0.0;9963.5;0.0
1;31116.0;9962.0;140.0;9961.0;48.0;0.0;0.0;9963;140;9964.0;48.0;0.0;0.0;9962.5;0.0
1;31117.0;9962.0;213.0;0.0;0.0;0.0;0.0;9964;137;9965.0;76.0;0.0;0.0;9963.0;0.0
1;31118.0;9962.0;122.0;9961.0;56.0;0.0;0.0;9963;122;9964.0;56.0;0.0;0.0;9962.5;0.0
1;31119.0;9962.0;169.0;0.0;0.0;0.0;0.0;9964;121;9965.0;48.0;0.0;0.0;9963.0;0.0
1;31120.0;9964.0;108.0;9963.0;60.0;0.0;0.0;9965;108;9966.0;60.0;0.0;0.0;9964.5;0.0
1;31121.0;9964.0;132.0;9963.0;49.0;0.0;0.0;9966;181;0.0;0.0;0.0;0.0;9965.0;0.0
1;31122.0;9966.0;136.0;9965.0;54.0;0.0;0.0;9967;136;9968.0;54.0;0.0;0.0;9966.5;0.0
1;31123.0;9964.0;163.0;0.0;0.0;0.0;0.0;9966;111;9967.0;52.0;0.0;0.0;9965.0;0.0
1;31124.0;9966.0;121.0;9965.0;48.0;0.0;0.0;9967;121;9968.0;48.0;0.0;0.0;9966.5;0.0
1;31125.0;9965.0;194.0;0.0;0.0;0.0;0.0;9967;138;9968.0;56.0;0.0;0.0;9966.0;0.0
1;31126.0;9965.0;117.0;9964.0;45.0;0.0;0.0;9967;162;0.0;0.0;0.0;0.0;9966.0;0.0
1;31127.0;9965.0;203.0;0.0;0.0;0.0;0.0;9967;129;9968.0;74.0;0.0;0.0;9966.0;0.0
1;31128.0;9965.0;106.0;9964.0;59.0;0.0;0.0;9967;165;0.0;0.0;0.0;0.0;9966.0;0.0
1;31129.0;9966.0;140.0;9965.0;49.0;0.0;0.0;9968;198;0.0;0.0;0.0;0.0;9967.0;0.0
1;31130.0;9965.0;109.0;9964.0;80.0;0.0;0.0;9966;109;9967.0;80.0;0.0;0.0;9965.5;0.0
1;31131.0;9964.0;144.0;0.0;0.0;0.0;0.0;9966;104;9967.0;40.0;0.0;0.0;9965.0;0.0
1;31132.0;9966.0;119.0;9965.0;67.0;0.0;0.0;9968;186;0.0;0.0;0.0;0.0;9967.0;0.0
1;31133.0;9968.0;6.0;9967.0;208.0;0.0;0.0;9969;136;9970.0;72.0;0.0;0.0;9968.5;0.0
1;31134.0;9966.0;134.0;9965.0;56.0;0.0;0.0;9967;134;9968.0;56.0;0.0;0.0;9966.5;0.0
1;31135.0;9965.0;107.0;9964.0;67.0;0.0;0.0;9967;174;0.0;0.0;0.0;0.0;9966.0;0.0
1;31136.0;9965.0;6.0;9964.0;169.0;0.0;0.0;9966;123;9967.0;46.0;0.0;0.0;9965.5;0.0
1;31137.0;9963.0;148.0;9962.0;69.0;0.0;0.0;9965;217;0.0;0.0;0.0;0.0;9964.0;0.0
1;31138.0;9959.0;140.0;9958.0;80.0;0.0;0.0;9960;140;9961.0;80.0;0.0;0.0;9959.5;0.0
1;31139.0;9958.0;150.0;9957.0;70.0;0.0;0.0;9959;150;9960.0;70.0;0.0;0.0;9958.5;0.0
1;31140.0;9956.0;112.0;9955.0;75.0;0.0;0.0;9957;112;9958.0;75.0;0.0;0.0;9956.5;0.0
1;31141.0;9956.0;201.0;0.0;0.0;0.0;0.0;9958;129;9959.0;72.0;0.0;0.0;9957.0;0.0
1;31142.0;9957.0;142.0;9956.0;57.0;0.0;0.0;9959;199;0.0;0.0;0.0;0.0;9958.0;0.0
1;31143.0;9958.0;127.0;9957.0;58.0;0.0;0.0;9959;136;9960.0;58.0;0.0;0.0;9958.5;0.0
1;31144.0;9957.0;100.0;9956.0;66.0;0.0;0.0;9959;166;0.0;0.0;0.0;0.0;9958.0;0.0
1;31145.0;9957.0;102.0;9956.0;43.0;0.0;0.0;9958;102;9959.0;43.0;0.0;0.0;9957.5;0.0
1;31146.0;9958.0;184.0;0.0;0.0;0.0;0.0;9960;109;9961.0;75.0;0.0;0.0;9959.0;0.0
1;31147.0;9958.0;147.0;9957.0;73.0;0.0;0.0;9959;147;9960.0;73.0;0.0;0.0;9958.5;0.0
1;31148.0;9958.0;137.0;9957.0;70.0;0.0;0.0;9959;132;9960.0;70.0;0.0;0.0;9958.5;0.0
1;31149.0;9956.0;113.0;9955.0;75.0;0.0;0.0;9958;188;0.0;0.0;0.0;0.0;9957.0;0.0
1;31150.0;9956.0;128.0;9955.0;45.0;0.0;0.0;9957;128;9958.0;45.0;0.0;0.0;9956.5;0.0
1;31151.0;9956.0;108.0;9955.0;53.0;0.0;0.0;9957;108;9958.0;53.0;0.0;0.0;9956.5;0.0
1;31152.0;9956.0;136.0;9955.0;75.0;0.0;0.0;9958;211;0.0;0.0;0.0;0.0;9957.0;0.0
1;31153.0;9954.0;145.0;9953.0;43.0;0.0;0.0;9955;145;9956.0;43.0;0.0;0.0;9954.5;0.0
1;31154.0;9954.0;145.0;9953.0;68.0;0.0;0.0;9956;213;0.0;0.0;0.0;0.0;9955.0;0.0
1;31155.0;9955.0;144.0;9954.0;59.0;0.0;0.0;9956;144;9957.0;59.0;0.0;0.0;9955.5;0.0
1;31156.0;9955.0;195.0;0.0;0.0;0.0;0.0;9957;139;9958.0;56.0;0.0;0.0;9956.0;0.0
1;31157.0;9955.0;138.0;9954.0;40.0;0.0;0.0;9956;138;9957.0;40.0;0.0;0.0;9955.5;0.0
1;31158.0;9955.0;143.0;9954.0;65.0;0.0;0.0;9956;143;9957.0;65.0;0.0;0.0;9955.5;0.0
1;31159.0;9955.0;141.0;9954.0;65.0;0.0;0.0;9956;141;9957.0;65.0;0.0;0.0;9955.5;0.0
1;31160.0;9954.0;198.0;0.0;0.0;0.0;0.0;9956;131;9957.0;67.0;0.0;0.0;9955.0;0.0
1;31161.0;9955.0;115.0;9954.0;50.0;0.0;0.0;9956;115;9957.0;50.0;0.0;0.0;9955.5;0.0
1;31162.0;9953.0;111.0;9952.0;45.0;0.0;0.0;9955;156;0.0;0.0;0.0;0.0;9954.0;0.0
1;31163.0;9952.0;150.0;9951.0;61.0;0.0;0.0;9953;150;9954.0;61.0;0.0;0.0;9952.5;0.0
1;31164.0;9951.0;196.0;0.0;0.0;0.0;0.0;9953;140;9954.0;56.0;0.0;0.0;9952.0;0.0
1;31165.0;9951.0;104.0;9950.0;73.0;0.0;0.0;9952;104;9953.0;73.0;0.0;0.0;9951.5;0.0
1;31166.0;9949.0;137.0;9948.0;48.0;0.0;0.0;9950;137;9951.0;48.0;0.0;0.0;9949.5;0.0
1;31167.0;9948.0;103.0;9947.0;79.0;0.0;0.0;9949;103;9950.0;79.0;0.0;0.0;9948.5;0.0
1;31168.0;9948.0;133.0;9947.0;77.0;0.0;0.0;9949;133;9950.0;77.0;0.0;0.0;9948.5;0.0
1;31169.0;9947.0;191.0;0.0;0.0;0.0;0.0;9949;128;9950.0;63.0;0.0;0.0;9948.0;0.0
1;31170.0;9949.0;116.0;9948.0;67.0;0.0;0.0;9950;116;9951.0;67.0;0.0;0.0;9949.5;0.0
1;31171.0;9950.0;96.0;9949.0;71.0;0.0;0.0;9951;106;9952.0;71.0;0.0;0.0;9950.5;0.0
1;31172.0;9951.0;150.0;9950.0;46.0;0.0;0.0;9952;150;9953.0;46.0;0.0;0.0;9951.5;0.0
1;31173.0;9950.0;109.0;9949.0;45.0;0.0;0.0;9951;109;9952.0;45.0;0.0;0.0;9950.5;0.0
1;31174.0;9950.0;133.0;9949.0;78.0;0.0;0.0;9951;133;9952.0;78.0;0.0;0.0;9950.5;0.0
1;31175.0;9948.0;117.0;9947.0;58.0;0.0;0.0;9949;117;9950.0;58.0;0.0;0.0;9948.5;0.0
1;31176.0;9946.0;116.0;9945.0;75.0;0.0;0.0;9947;116;9948.0;75.0;0.0;0.0;9946.5;0.0
1;31177.0;9946.0;195.0;0.0;0.0;0.0;0.0;9948;138;9949.0;57.0;0.0;0.0;9947.0;0.0
1;31178.0;9946.0;140.0;9945.0;40.0;0.0;0.0;9947;140;9948.0;40.0;0.0;0.0;9946.5;0.0
1;31179.0;9947.0;111.0;9946.0;40.0;0.0;0.0;9949;151;0.0;0.0;0.0;0.0;9948.0;0.0
1;31180.0;9948.0;112.0;9947.0;56.0;0.0;0.0;9949;112;9950.0;56.0;0.0;0.0;9948.5;0.0
1;31181.0;9947.0;124.0;9946.0;78.0;0.0;0.0;9948;124;9949.0;78.0;0.0;0.0;9947.5;0.0
1;31182.0;9948.0;122.0;9947.0;61.0;0.0;0.0;9949;127;9950.0;61.0;0.0;0.0;9948.5;0.0
1;31183.0;9947.0;119.0;9946.0;55.0;0.0;0.0;9948;119;9949.0;55.0;0.0;0.0;9947.5;0.0
1;31184.0;9947.0;119.0;9946.0;52.0;0.0;0.0;9949;171;0.0;0.0;0.0;0.0;9948.0;0.0
1;31185.0;9947.0;120.0;9946.0;61.0;0.0;0.0;9948;120;9949.0;61.0;0.0;0.0;9947.5;0.0
1;31186.0;9948.0;123.0;9947.0;59.0;0.0;0.0;9949;123;9950.0;59.0;0.0;0.0;9948.5;0.0
1;31187.0;9949.0;114.0;9948.0;76.0;0.0;0.0;9950;117;9951.0;76.0;0.0;0.0;9949.5;0.0
1;31188.0;9949.0;145.0;9948.0;75.0;0.0;0.0;9951;215;0.0;0.0;0.0;0.0;9950.0;0.0
1;31189.0;9950.0;106.0;9949.0;46.0;0.0;0.0;9951;106;9952.0;46.0;0.0;0.0;9950.5;0.0
1;31190.0;9950.0;119.0;9949.0;66.0;0.0;0.0;9951;125;9952.0;66.0;0.0;0.0;9950.5;0.0
1;31191.0;9949.0;100.0;9948.0;49.0;0.0;0.0;9950;100;9951.0;49.0;0.0;0.0;9949.5;0.0
1;31192.0;9948.0;142.0;9947.0;52.0;0.0;0.0;9949;142;9950.0;52.0;0.0;0.0;9948.5;0.0
1;31193.0;9947.0;139.0;9946.0;76.0;0.0;0.0;9949;215;0.0;0.0;0.0;0.0;9948.0;0.0
1;31194.0;9948.0;138.0;9947.0;52.0;0.0;0.0;9949;138;9950.0;52.0;0.0;0.0;9948.5;0.0
1;31195.0;9947.0;196.0;0.0;0.0;0.0;0.0;9949;138;9950.0;58.0;0.0;0.0;9948.0;0.0
1;31196.0;9946.0;148.0;0.0;0.0;0.0;0.0;9948;102;9949.0;46.0;0.0;0.0;9947.0;0.0
1;31197.0;9947.0;113.0;9946.0;50.0;0.0;0.0;9948;113;9949.0;50.0;0.0;0.0;9947.5;0.0
1;31198.0;9948.0;132.0;9947.0;76.0;0.0;0.0;9950;208;0.0;0.0;0.0;0.0;9949.0;0.0
1;31199.0;9949.0;112.0;9948.0;64.0;0.0;0.0;9950;112;9951.0;64.0;0.0;0.0;9949.5;0.0
1;31200.0;9950.0;106.0;9949.0;79.0;0.0;0.0;9952;185;0.0;0.0;0.0;0.0;9951.0;0.0
1;31201.0;9950.0;204.0;0.0;0.0;0.0;0.0;9952;133;9953.0;71.0;0.0;0.0;9951.0;0.0
1;31202.0;9951.0;103.0;9950.0;78.0;0.0;0.0;9952;103;9953.0;78.0;0.0;0.0;9951.5;0.0
1;31203.0;9951.0;112.0;9950.0;60.0;0.0;0.0;9952;112;9953.0;60.0;0.0;0.0;9951.5;0.0
1;31204.0;9952.0;172.0;0.0;0.0;0.0;0.0;9954;121;9955.0;51.0;0.0;0.0;9953.0;0.0
1;31205.0;9953.0;139.0;9952.0;46.0;0.0;0.0;9955;185;0.0;0.0;0.0;0.0;9954.0;0.0
1;31206.0;9953.0;113.0;9952.0;67.0;0.0;0.0;9955;180;0.0;0.0;0.0;0.0;9954.0;0.0
1;31207.0;9954.0;125.0;9953.0;60.0;0.0;0.0;9955;125;9956.0;60.0;0.0;0.0;9954.5;0.0
1;31208.0;9954.0;153.0;9953.0;74.0;0.0;0.0;9956;219;0.0;0.0;0.0;0.0;9955.0;0.0
1;31209.0;9953.0;172.0;0.0;0.0;0.0;0.0;9955;122;9956.0;50.0;0.0;0.0;9954.0;0.0
1;31210.0;9954.0;143.0;9953.0;64.0;0.0;0.0;9955;143;9956.0;64.0;0.0;0.0;9954.5;0.0
1;31211.0;9954.0;144.0;9953.0;73.0;0.0;0.0;9955;144;9956.0;73.0;0.0;0.0;9954.5;0.0
1;31212.0;9954.0;102.0;9953.0;55.0;0.0;0.0;9956;157;0.0;0.0;0.0;0.0;9955.0;0.0
1;31213.0;9954.0;109.0;9953.0;65.0;0.0;0.0;9955;109;9956.0;65.0;0.0;0.0;9954.5;0.0
1;31214.0;9954.0;125.0;9953.0;79.0;0.0;0.0;9955;125;9956.0;79.0;0.0;0.0;9954.5;0.0
1;31215.0;9952.0;100.0;9951.0;76.0;0.0;0.0;9954;176;0.0;0.0;0.0;0.0;9953.0;0.0
1;31216.0;9952.0;120.0;9951.0;68.0;0.0;0.0;9953;120;9954.0;68.0;0.0;0.0;9952.5;0.0
1;31217.0;9954.0;106.0;9953.0;65.0;0.0;0.0;9955;106;9956.0;65.0;0.0;0.0;9954.5;0.0
1;31218.0;9953.0;149.0;9952.0;79.0;0.0;0.0;9954;149;9955.0;79.0;0.0;0.0;9953.5;0.0
1;31219.0;9953.0;108.0;9952.0;58.0;0.0;0.0;9954;108;9955.0;58.0;0.0;0.0;9953.5;0.0
1;31220.0;9953.0;148.0;9952.0;75.0;0.0;0.0;9954;148;9955.0;75.0;0.0;0.0;9953.5;0.0
1;31221.0;9953.0;175.0;0.0;0.0;0.0;0.0;9955;127;9956.0;48.0;0.0;0.0;9954.0;0.0
1;31222.0;9953.0;103.0;9952.0;41.0;0.0;0.0;9954;103;9955.0;41.0;0.0;0.0;9953.5;0.0
1;31223.0;9954.0;107.0;9953.0;52.0;0.0;0.0;9955;107;9956.0;52.0;0.0;0.0;9954.5;0.0
1;31224.0;9953.0;145.0;9952.0;72.0;0.0;0.0;9954;145;9955.0;72.0;0.0;0.0;9953.5;0.0
