day;timestamp;bid_price_1;bid_volume_1;bid_price_2;bid_volume_2;bid_price_3;bid_volume_3;ask_price_1;ask_volume_1;ask_price_2;ask_volume_2;ask_price_3;ask_volume_3;mid_price;profit_and_loss
1;30001.0;637.0;39.0;0.0;0.0;0.0;0.0;638;39;0.0;0.0;0.0;0.0;637.5;0.0
1;30002.0;637.0;33.0;0.0;0.0;0.0;0.0;638;33;0.0;0.0;0.0;0.0;637.5;0.0
1;30003.0;637.0;42.0;0.0;0.0;0.0;0.0;638;42;0.0;0.0;0.0;0.0;637.5;0.0
1;30004.0;638.0;30.0;0.0;0.0;0.0;0.0;639;30;0.0;0.0;0.0;0.0;638.5;0.0
1;30005.0;637.0;33.0;0.0;0.0;0.0;0.0;638;33;0.0;0.0;0.0;0.0;637.5;0.0
1;30006.0;637.0;37.0;0.0;0.0;0.0;0.0;638;37;0.0;0.0;0.0;0.0;637.5;0.0
1;30007.0;636.0;37.0;0.0;0.0;0.0;0.0;637;37;0.0;0.0;0.0;0.0;636.5;0.0
1;30008.0;639.0;42.0;0.0;0.0;0.0;0.0;640;42;0.0;0.0;0.0;0.0;639.5;0.0
1;30009.0;636.0;49.0;0.0;0.0;0.0;0.0;637;42;0.0;0.0;0.0;0.0;636.5;0.0
1;30010.0;634.0;16.0;0.0;0.0;0.0;0.0;635;33;0.0;0.0;0.0;0.0;634.5;0.0
1;30011.0;636.0;5.0;635.0;46.0;0.0;0.0;637;46;0.0;0.0;0.0;0.0;636.5;0.0
1;30012.0;635.0;38.0;0.0;0.0;0.0;0.0;636;38;0.0;0.0;0.0;0.0;635.5;0.0
1;30013.0;635.0;45.0;0.0;0.0;0.0;0.0;636;34;0.0;0.0;0.0;0.0;635.5;0.0
1;30014.0;634.0;51.0;0.0;0.0;0.0;0.0;635;41;0.0;0.0;0.0;0.0;634.5;0.0
1;30015.0;634.0;44.0;0.0;0.0;0.0;0.0;635;44;0.0;0.0;0.0;0.0;634.5;0.0
1;30016.0;634.0;49.0;0.0;0.0;0.0;0.0;635;49;0.0;0.0;0.0;0.0;634.5;0.0
1;30017.0;635.0;34.0;0.0;0.0;0.0;0.0;636;17;637.0;17.0;0.0;0.0;635.5;0.0
1;30018.0;635.0;33.0;0.0;0.0;0.0;0.0;636;33;0.0;0.0;0.0;0.0;635.5;0.0
1;30019.0;635.0;40.0;0.0;0.0;0.0;0.0;637;40;0.0;0.0;0.0;0.0;636.0;0.0
1;30020.0;635.0;33.0;0.0;0.0;0.0;0.0;636;49;0.0;0.0;0.0;0.0;635.5;0.0
1;30021.0;637.0;33.0;0.0;0.0;0.0;0.0;638;47;0.0;0.0;0.0;0.0;637.5;0.0
1;30022.0;637.0;46.0;0.0;0.0;0.0;0.0;638;40;0.0;0.0;0.0;0.0;637.5;0.0
1;30023.0;635.0;51.0;0.0;0.0;0.0;0.0;636;41;0.0;0.0;0.0;0.0;635.5;0.0
1;30024.0;634.0;46.0;0.0;0.0;0.0;0.0;635;46;0.0;0.0;0.0;0.0;634.5;0.0
1;30025.0;634.0;29.0;0.0;0.0;0.0;0.0;635;29;0.0;0.0;0.0;0.0;634.5;0.0
1;30026.0;634.0;2.0;633.0;37.0;0.0;0.0;635;39;0.0;0.0;0.0;0.0;634.5;0.0
1;30027.0;633.0;33.0;0.0;0.0;0.0;0.0;634;33;0.0;0.0;0.0;0.0;633.5;0.0
1;30028.0;633.0;35.0;0.0;0.0;0.0;0.0;635;35;0.0;0.0;0.0;0.0;634.0;0.0
1;30029.0;633.0;40.0;0.0;0.0;0.0;0.0;634;40;0.0;0.0;0.0;0.0;633.5;0.0
1;30030.0;632.0;41.0;0.0;0.0;0.0;0.0;633;41;0.0;0.0;0.0;0.0;632.5;0.0
1;30031.0;630.0;30.0;0.0;0.0;0.0;0.0;631;24;0.0;0.0;0.0;0.0;630.5;0.0
1;30032.0;634.0;37.0;0.0;0.0;0.0;0.0;635;37;0.0;0.0;0.0;0.0;634.5;0.0
1;30033.0;634.0;68.0;0.0;0.0;0.0;0.0;635;48;0.0;0.0;0.0;0.0;634.5;0.0
1;30034.0;634.0;27.0;0.0;0.0;0.0;0.0;635;27;0.0;0.0;0.0;0.0;634.5;0.0
1;30035.0;633.0;31.0;0.0;0.0;0.0;0.0;634;31;0.0;0.0;0.0;0.0;633.5;0.0
1;30036.0;635.0;46.0;0.0;0.0;0.0;0.0;636;46;0.0;0.0;0.0;0.0;635.5;0.0
1;30037.0;637.0;40.0;0.0;0.0;0.0;0.0;638;40;0.0;0.0;0.0;0.0;637.5;0.0
1;30038.0;637.0;43.0;0.0;0.0;0.0;0.0;638;43;0.0;0.0;0.0;0.0;637.5;0.0
1;30039.0;636.0;44.0;0.0;0.0;0.0;0.0;637;44;0.0;0.0;0.0;0.0;636.5;0.0
1;30040.0;635.0;0.0;634.0;27.0;0.0;0.0;636;39;0.0;0.0;0.0;0.0;635.5;0.0
1;30041.0;636.0;33.0;0.0;0.0;0.0;0.0;637;33;0.0;0.0;0.0;0.0;636.5;0.0
1;30042.0;636.0;48.0;0.0;0.0;0.0;0.0;637;48;0.0;0.0;0.0;0.0;636.5;0.0
1;30043.0;634.0;40.0;0.0;0.0;0.0;0.0;635;40;0.0;0.0;0.0;0.0;634.5;0.0
1;30044.0;635.0;16.0;0.0;0.0;0.0;0.0;636;34;0.0;0.0;0.0;0.0;635.5;0.0
1;30045.0;636.0;36.0;0.0;0.0;0.0;0.0;637;36;0.0;0.0;0.0;0.0;636.5;0.0
1;30046.0;636.0;49.0;0.0;0.0;0.0;0.0;637;49;0.0;0.0;0.0;0.0;636.5;0.0
1;30047.0;634.0;35.0;0.0;0.0;0.0;0.0;635;35;0.0;0.0;0.0;0.0;634.5;0.0
1;30048.0;634.0;36.0;0.0;0.0;0.0;0.0;635;36;0.0;0.0;0.0;0.0;634.5;0.0
1;30049.0;635.0;41.0;0.0;0.0;0.0;0.0;636;41;0.0;0.0;0.0;0.0;635.5;0.0
1;30050.0;636.0;39.0;0.0;0.0;0.0;0.0;637;39;0.0;0.0;0.0;0.0;636.5;0.0
1;30051.0;635.0;33.0;0.0;0.0;0.0;0.0;636;33;0.0;0.0;0.0;0.0;635.5;0.0
1;30052.0;636.0;46.0;0.0;0.0;0.0;0.0;637;46;0.0;0.0;0.0;0.0;636.5;0.0
1;30053.0;638.0;43.0;0.0;0.0;0.0;0.0;639;43;0.0;0.0;0.0;0.0;638.5;0.0
1;30054.0;638.0;40.0;0.0;0.0;0.0;0.0;639;40;0.0;0.0;0.0;0.0;638.5;0.0
1;30055.0;636.0;37.0;0.0;0.0;0.0;0.0;637;37;0.0;0.0;0.0;0.0;636.5;0.0
1;30056.0;639.0;40.0;0.0;0.0;0.0;0.0;640;40;0.0;0.0;0.0;0.0;639.5;0.0
1;30057.0;640.0;28.0;0.0;0.0;0.0;0.0;641;28;0.0;0.0;0.0;0.0;640.5;0.0
1;30058.0;641.0;49.0;0.0;0.0;0.0;0.0;642;49;0.0;0.0;0.0;0.0;641.5;0.0
1;30059.0;642.0;48.0;0.0;0.0;0.0;0.0;643;48;0.0;0.0;0.0;0.0;642.5;0.0
1;30060.0;642.0;36.0;0.0;0.0;0.0;0.0;643;36;0.0;0.0;0.0;0.0;642.5;0.0
1;30061.0;641.0;41.0;0.0;0.0;0.0;0.0;642;41;0.0;0.0;0.0;0.0;641.5;0.0
1;30062.0;642.0;39.0;0.0;0.0;0.0;0.0;643;39;0.0;0.0;0.0;0.0;642.5;0.0
1;30063.0;642.0;35.0;0.0;0.0;0.0;0.0;643;35;0.0;0.0;0.0;0.0;642.5;0.0
1;30064.0;642.0;37.0;0.0;0.0;0.0;0.0;643;37;0.0;0.0;0.0;0.0;642.5;0.0
1;30065.0;642.0;42.0;0.0;0.0;0.0;0.0;643;42;0.0;0.0;0.0;0.0;642.5;0.0
1;30066.0;642.0;38.0;0.0;0.0;0.0;0.0;643;27;0.0;0.0;0.0;0.0;642.5;0.0
1;30067.0;643.0;40.0;0.0;0.0;0.0;0.0;644;40;0.0;0.0;0.0;0.0;643.5;0.0
1;30068.0;643.0;29.0;0.0;0.0;0.0;0.0;644;29;0.0;0.0;0.0;0.0;643.5;0.0
1;30069.0;643.0;30.0;0.0;0.0;0.0;0.0;644;41;0.0;0.0;0.0;0.0;643.5;0.0
1;30070.0;642.0;41.0;0.0;0.0;0.0;0.0;643;41;0.0;0.0;0.0;0.0;642.5;0.0
1;30071.0;640.0;39.0;0.0;0.0;0.0;0.0;642;39;0.0;0.0;0.0;0.0;641.0;0.0
1;30072.0;640.0;41.0;0.0;0.0;0.0;0.0;641;41;0.0;0.0;0.0;0.0;640.5;0.0
1;30073.0;640.0;28.0;0.0;0.0;0.0;0.0;641;28;0.0;0.0;0.0;0.0;640.5;0.0
1;30074.0;640.0;43.0;0.0;0.0;0.0;0.0;641;43;0.0;0.0;0.0;0.0;640.5;0.0
1;30075.0;639.0;30.0;0.0;0.0;0.0;0.0;641;30;0.0;0.0;0.0;0.0;640.0;0.0
1;30076.0;639.0;41.0;0.0;0.0;0.0;0.0;640;41;0.0;0.0;0.0;0.0;639.5;0.0
1;30077.0;638.0;38.0;0.0;0.0;0.0;0.0;639;38;0.0;0.0;0.0;0.0;638.5;0.0
1;30078.0;637.0;34.0;0.0;0.0;0.0;0.0;639;34;0.0;0.0;0.0;0.0;638.0;0.0
1;30079.0;637.0;41.0;0.0;0.0;0.0;0.0;638;31;0.0;0.0;0.0;0.0;637.5;0.0
1;30080.0;635.0;41.0;0.0;0.0;0.0;0.0;636;41;0.0;0.0;0.0;0.0;635.5;0.0
1;30081.0;636.0;32.0;0.0;0.0;0.0;0.0;637;32;0.0;0.0;0.0;0.0;636.5;0.0
1;30082.0;636.0;40.0;0.0;0.0;0.0;0.0;637;40;0.0;0.0;0.0;0.0;636.5;0.0
1;30083.0;638.0;32.0;0.0;0.0;0.0;0.0;639;32;0.0;0.0;0.0;0.0;638.5;0.0
1;30084.0;639.0;46.0;0.0;0.0;0.0;0.0;640;46;0.0;0.0;0.0;0.0;639.5;0.0
1;30085.0;640.0;61.0;0.0;0.0;0.0;0.0;641;49;0.0;0.0;0.0;0.0;640.5;0.0
1;30086.0;640.0;43.0;0.0;0.0;0.0;0.0;641;43;0.0;0.0;0.0;0.0;640.5;0.0
1;30087.0;642.0;40.0;0.0;0.0;0.0;0.0;643;40;0.0;0.0;0.0;0.0;642.5;0.0
1;30088.0;641.0;46.0;0.0;0.0;0.0;0.0;642;46;0.0;0.0;0.0;0.0;641.5;0.0
1;30089.0;641.0;36.0;0.0;0.0;0.0;0.0;642;36;0.0;0.0;0.0;0.0;641.5;0.0
1;30090.0;639.0;6.0;0.0;0.0;0.0;0.0;640;26;0.0;0.0;0.0;0.0;639.5;0.0
1;30091.0;638.0;32.0;0.0;0.0;0.0;0.0;639;32;0.0;0.0;0.0;0.0;638.5;0.0
1;30092.0;637.0;26.0;0.0;0.0;0.0;0.0;638;26;0.0;0.0;0.0;0.0;637.5;0.0
1;30093.0;637.0;32.0;0.0;0.0;0.0;0.0;638;32;0.0;0.0;0.0;0.0;637.5;0.0
1;30094.0;637.0;41.0;0.0;0.0;0.0;0.0;638;41;0.0;0.0;0.0;0.0;637.5;0.0
1;30095.0;639.0;31.0;0.0;0.0;0.0;0.0;641;31;0.0;0.0;0.0;0.0;640.0;0.0
1;30096.0;640.0;34.0;0.0;0.0;0.0;0.0;642;34;0.0;0.0;0.0;0.0;641.0;0.0
1;30097.0;640.0;33.0;0.0;0.0;0.0;0.0;641;33;0.0;0.0;0.0;0.0;640.5;0.0
1;30098.0;639.0;40.0;0.0;0.0;0.0;0.0;640;40;0.0;0.0;0.0;0.0;639.5;0.0
1;30099.0;639.0;47.0;0.0;0.0;0.0;0.0;640;47;0.0;0.0;0.0;0.0;639.5;0.0
1;30100.0;637.0;39.0;0.0;0.0;0.0;0.0;639;39;0.0;0.0;0.0;0.0;638.0;0.0
1;30101.0;637.0;33.0;0.0;0.0;0.0;0.0;638;33;0.0;0.0;0.0;0.0;637.5;0.0
1;30102.0;638.0;38.0;0.0;0.0;0.0;0.0;639;38;0.0;0.0;0.0;0.0;638.5;0.0
1;30103.0;637.0;43.0;0.0;0.0;0.0;0.0;638;43;0.0;0.0;0.0;0.0;637.5;0.0
1;30104.0;635.0;36.0;0.0;0.0;0.0;0.0;636;36;0.0;0.0;0.0;0.0;635.5;0.0
1;30105.0;634.0;36.0;0.0;0.0;0.0;0.0;635;36;0.0;0.0;0.0;0.0;634.5;0.0
1;30106.0;635.0;33.0;0.0;0.0;0.0;0.0;637;33;0.0;0.0;0.0;0.0;636.0;0.0
1;30107.0;634.0;33.0;0.0;0.0;0.0;0.0;635;33;0.0;0.0;0.0;0.0;634.5;0.0
1;30108.0;635.0;32.0;0.0;0.0;0.0;0.0;636;32;0.0;0.0;0.0;0.0;635.5;0.0
1;30109.0;637.0;38.0;0.0;0.0;0.0;0.0;638;38;0.0;0.0;0.0;0.0;637.5;0.0
1;30110.0;636.0;41.0;0.0;0.0;0.0;0.0;637;41;0.0;0.0;0.0;0.0;636.5;0.0
1;30111.0;634.0;37.0;0.0;0.0;0.0;0.0;635;37;0.0;0.0;0.0;0.0;634.5;0.0
1;30112.0;634.0;39.0;0.0;0.0;0.0;0.0;635;39;0.0;0.0;0.0;0.0;634.5;0.0
1;30113.0;634.0;51.0;0.0;0.0;0.0;0.0;635;31;0.0;0.0;0.0;0.0;634.5;0.0
1;30114.0;634.0;32.0;0.0;0.0;0.0;0.0;635;32;0.0;0.0;0.0;0.0;634.5;0.0
1;30115.0;635.0;42.0;0.0;0.0;0.0;0.0;637;42;0.0;0.0;0.0;0.0;636.0;0.0
1;30116.0;636.0;35.0;0.0;0.0;0.0;0.0;637;35;0.0;0.0;0.0;0.0;636.5;0.0
1;30117.0;636.0;50.0;0.0;0.0;0.0;0.0;637;50;0.0;0.0;0.0;0.0;636.5;0.0
1;30118.0;636.0;43.0;0.0;0.0;0.0;0.0;637;43;0.0;0.0;0.0;0.0;636.5;0.0
1;30119.0;635.0;38.0;0.0;0.0;0.0;0.0;636;38;0.0;0.0;0.0;0.0;635.5;0.0
1;30120.0;634.0;45.0;0.0;0.0;0.0;0.0;636;45;0.0;0.0;0.0;0.0;635.0;0.0
1;30121.0;634.0;31.0;0.0;0.0;0.0;0.0;635;31;0.0;0.0;0.0;0.0;634.5;0.0
1;30122.0;634.0;31.0;0.0;0.0;0.0;0.0;635;31;0.0;0.0;0.0;0.0;634.5;0.0
1;30123.0;635.0;49.0;0.0;0.0;0.0;0.0;636;49;0.0;0.0;0.0;0.0;635.5;0.0
1;30124.0;635.0;39.0;0.0;0.0;0.0;0.0;636;39;0.0;0.0;0.0;0.0;635.5;0.0
1;30125.0;637.0;33.0;0.0;0.0;0.0;0.0;638;33;0.0;0.0;0.0;0.0;637.5;0.0
1;30126.0;636.0;27.0;0.0;0.0;0.0;0.0;637;27;0.0;0.0;0.0;0.0;636.5;0.0
1;30127.0;638.0;45.0;0.0;0.0;0.0;0.0;639;45;0.0;0.0;0.0;0.0;638.5;0.0
1;30128.0;639.0;42.0;0.0;0.0;0.0;0.0;640;42;0.0;0.0;0.0;0.0;639.5;0.0
1;30129.0;638.0;43.0;0.0;0.0;0.0;0.0;639;2;640.0;41.0;0.0;0.0;638.5;0.0
1;30130.0;639.0;42.0;0.0;0.0;0.0;0.0;640;42;0.0;0.0;0.0;0.0;639.5;0.0
1;30131.0;640.0;29.0;0.0;0.0;0.0;0.0;641;29;0.0;0.0;0.0;0.0;640.5;0.0
1;30132.0;639.0;40.0;0.0;0.0;0.0;0.0;641;40;0.0;0.0;0.0;0.0;640.0;0.0
1;30133.0;640.0;34.0;0.0;0.0;0.0;0.0;642;34;0.0;0.0;0.0;0.0;641.0;0.0
1;30134.0;641.0;37.0;0.0;0.0;0.0;0.0;642;37;0.0;0.0;0.0;0.0;641.5;0.0
1;30135.0;641.0;35.0;0.0;0.0;0.0;0.0;642;35;0.0;0.0;0.0;0.0;641.5;0.0
1;30136.0;641.0;31.0;0.0;0.0;0.0;0.0;642;31;0.0;0.0;0.0;0.0;641.5;0.0
1;30137.0;640.0;44.0;0.0;0.0;0.0;0.0;641;44;0.0;0.0;0.0;0.0;640.5;0.0
1;30138.0;642.0;54.0;0.0;0.0;0.0;0.0;643;34;0.0;0.0;0.0;0.0;642.5;0.0
1;30139.0;641.0;35.0;0.0;0.0;0.0;0.0;642;35;0.0;0.0;0.0;0.0;641.5;0.0
1;30140.0;640.0;44.0;0.0;0.0;0.0;0.0;641;44;0.0;0.0;0.0;0.0;640.5;0.0
1;30141.0;640.0;40.0;0.0;0.0;0.0;0.0;641;40;0.0;0.0;0.0;0.0;640.5;0.0
1;30142.0;640.0;41.0;0.0;0.0;0.0;0.0;641;41;0.0;0.0;0.0;0.0;640.5;0.0
1;30143.0;642.0;36.0;0.0;0.0;0.0;0.0;643;36;0.0;0.0;0.0;0.0;642.5;0.0
1;30144.0;640.0;33.0;0.0;0.0;0.0;0.0;641;33;0.0;0.0;0.0;0.0;640.5;0.0
1;30145.0;641.0;45.0;0.0;0.0;0.0;0.0;642;45;0.0;0.0;0.0;0.0;641.5;0.0
1;30146.0;641.0;26.0;0.0;0.0;0.0;0.0;642;37;0.0;0.0;0.0;0.0;641.5;0.0
1;30147.0;641.0;31.0;0.0;0.0;0.0;0.0;642;48;0.0;0.0;0.0;0.0;641.5;0.0
1;30148.0;642.0;30.0;0.0;0.0;0.0;0.0;643;30;0.0;0.0;0.0;0.0;642.5;0.0
1;30149.0;641.0;28.0;0.0;0.0;0.0;0.0;642;28;0.0;0.0;0.0;0.0;641.5;0.0
1;30150.0;643.0;35.0;0.0;0.0;0.0;0.0;644;35;0.0;0.0;0.0;0.0;643.5;0.0
1;30151.0;641.0;48.0;0.0;0.0;0.0;0.0;642;48;0.0;0.0;0.0;0.0;641.5;0.0
1;30152.0;639.0;47.0;0.0;0.0;0.0;0.0;640;47;0.0;0.0;0.0;0.0;639.5;0.0
1;30153.0;640.0;28.0;0.0;0.0;0.0;0.0;641;28;0.0;0.0;0.0;0.0;640.5;0.0
1;30154.0;641.0;19.0;0.0;0.0;0.0;0.0;642;33;0.0;0.0;0.0;0.0;641.5;0.0
1;30155.0;640.0;40.0;0.0;0.0;0.0;0.0;641;40;0.0;0.0;0.0;0.0;640.5;0.0
1;30156.0;638.0;34.0;0.0;0.0;0.0;0.0;639;34;0.0;0.0;0.0;0.0;638.5;0.0
1;30157.0;637.0;39.0;0.0;0.0;0.0;0.0;638;39;0.0;0.0;0.0;0.0;637.5;0.0
1;30158.0;636.0;40.0;0.0;0.0;0.0;0.0;638;40;0.0;0.0;0.0;0.0;637.0;0.0
1;30159.0;637.0;40.0;0.0;0.0;0.0;0.0;638;40;0.0;0.0;0.0;0.0;637.5;0.0
1;30160.0;635.0;32.0;0.0;0.0;0.0;0.0;636;32;0.0;0.0;0.0;0.0;635.5;0.0
1;30161.0;635.0;39.0;0.0;0.0;0.0;0.0;636;39;0.0;0.0;0.0;0.0;635.5;0.0
1;30162.0;636.0;36.0;0.0;0.0;0.0;0.0;637;36;0.0;0.0;0.0;0.0;636.5;0.0
1;30163.0;636.0;36.0;0.0;0.0;0.0;0.0;637;36;0.0;0.0;0.0;0.0;636.5;0.0
1;30164.0;635.0;38.0;0.0;0.0;0.0;0.0;636;38;0.0;0.0;0.0;0.0;635.5;0.0
1;30165.0;635.0;63.0;0.0;0.0;0.0;0.0;636;49;0.0;0.0;0.0;0.0;635.5;0.0
1;30166.0;634.0;33.0;0.0;0.0;0.0;0.0;635;33;0.0;0.0;0.0;0.0;634.5;0.0
1;30167.0;633.0;36.0;0.0;0.0;0.0;0.0;634;45;0.0;0.0;0.0;0.0;633.5;0.0
1;30168.0;633.0;33.0;0.0;0.0;0.0;0.0;634;33;0.0;0.0;0.0;0.0;633.5;0.0
1;30169.0;631.0;32.0;0.0;0.0;0.0;0.0;632;32;0.0;0.0;0.0;0.0;631.5;0.0
1;30170.0;631.0;50.0;0.0;0.0;0.0;0.0;633;50;0.0;0.0;0.0;0.0;632.0;0.0
1;30171.0;632.0;38.0;0.0;0.0;0.0;0.0;634;38;0.0;0.0;0.0;0.0;633.0;0.0
1;30172.0;631.0;30.0;0.0;0.0;0.0;0.0;632;30;0.0;0.0;0.0;0.0;631.5;0.0
1;30173.0;632.0;41.0;0.0;0.0;0.0;0.0;633;41;0.0;0.0;0.0;0.0;632.5;0.0
1;30174.0;631.0;29.0;0.0;0.0;0.0;0.0;632;29;0.0;0.0;0.0;0.0;631.5;0.0
1;30175.0;633.0;34.0;0.0;0.0;0.0;0.0;635;34;0.0;0.0;0.0;0.0;634.0;0.0
1;30176.0;633.0;45.0;0.0;0.0;0.0;0.0;634;45;0.0;0.0;0.0;0.0;633.5;0.0
1;30177.0;634.0;27.0;0.0;0.0;0.0;0.0;635;27;0.0;0.0;0.0;0.0;634.5;0.0
1;30178.0;635.0;40.0;0.0;0.0;0.0;0.0;636;40;0.0;0.0;0.0;0.0;635.5;0.0
1;30179.0;635.0;57.0;0.0;0.0;0.0;0.0;636;38;0.0;0.0;0.0;0.0;635.5;0.0
1;30180.0;636.0;46.0;0.0;0.0;0.0;0.0;637;46;0.0;0.0;0.0;0.0;636.5;0.0
1;30181.0;636.0;48.0;0.0;0.0;0.0;0.0;637;48;0.0;0.0;0.0;0.0;636.5;0.0
1;30182.0;634.0;53.0;0.0;0.0;0.0;0.0;635;36;0.0;0.0;0.0;0.0;634.5;0.0
1;30183.0;633.0;49.0;0.0;0.0;0.0;0.0;634;49;0.0;0.0;0.0;0.0;633.5;0.0
1;30184.0;635.0;35.0;0.0;0.0;0.0;0.0;636;35;0.0;0.0;0.0;0.0;635.5;0.0
1;30185.0;637.0;33.0;0.0;0.0;0.0;0.0;638;33;0.0;0.0;0.0;0.0;637.5;0.0
1;30186.0;637.0;29.0;0.0;0.0;0.0;0.0;639;29;0.0;0.0;0.0;0.0;638.0;0.0
1;30187.0;637.0;42.0;0.0;0.0;0.0;0.0;638;42;0.0;0.0;0.0;0.0;637.5;0.0
1;30188.0;637.0;37.0;0.0;0.0;0.0;0.0;638;37;0.0;0.0;0.0;0.0;637.5;0.0
1;30189.0;636.0;45.0;0.0;0.0;0.0;0.0;637;45;0.0;0.0;0.0;0.0;636.5;0.0
1;30190.0;635.0;41.0;0.0;0.0;0.0;0.0;636;41;0.0;0.0;0.0;0.0;635.5;0.0
1;30191.0;634.0;46.0;0.0;0.0;0.0;0.0;635;46;0.0;0.0;0.0;0.0;634.5;0.0
1;30192.0;635.0;52.0;0.0;0.0;0.0;0.0;636;52;0.0;0.0;0.0;0.0;635.5;0.0
1;30193.0;634.0;49.0;0.0;0.0;0.0;0.0;635;49;0.0;0.0;0.0;0.0;634.5;0.0
1;30194.0;634.0;34.0;0.0;0.0;0.0;0.0;635;34;0.0;0.0;0.0;0.0;634.5;0.0
1;30195.0;633.0;40.0;0.0;0.0;0.0;0.0;634;40;0.0;0.0;0.0;0.0;633.5;0.0
1;30196.0;634.0;33.0;0.0;0.0;0.0;0.0;635;33;0.0;0.0;0.0;0.0;634.5;0.0
1;30197.0;633.0;41.0;0.0;0.0;0.0;0.0;634;41;0.0;0.0;0.0;0.0;633.5;0.0
1;30198.0;633.0;27.0;0.0;0.0;0.0;0.0;634;27;0.0;0.0;0.0;0.0;633.5;0.0
1;30199.0;633.0;41.0;0.0;0.0;0.0;0.0;634;41;0.0;0.0;0.0;0.0;633.5;0.0
1;30200.0;632.0;44.0;0.0;0.0;0.0;0.0;633;44;0.0;0.0;0.0;0.0;632.5;0.0
1;30201.0;631.0;30.0;0.0;0.0;0.0;0.0;632;30;0.0;0.0;0.0;0.0;631.5;0.0
1;30202.0;632.0;31.0;0.0;0.0;0.0;0.0;633;31;0.0;0.0;0.0;0.0;632.5;0.0
1;30203.0;632.0;34.0;0.0;0.0;0.0;0.0;633;34;0.0;0.0;0.0;0.0;632.5;0.0
1;30204.0;632.0;44.0;0.0;0.0;0.0;0.0;633;44;0.0;0.0;0.0;0.0;632.5;0.0
1;30205.0;632.0;46.0;0.0;0.0;0.0;0.0;633;46;0.0;0.0;0.0;0.0;632.5;0.0
1;30206.0;633.0;40.0;0.0;0.0;0.0;0.0;634;40;0.0;0.0;0.0;0.0;633.5;0.0
1;30207.0;633.0;52.0;0.0;0.0;0.0;0.0;634;39;0.0;0.0;0.0;0.0;633.5;0.0
1;30208.0;631.0;32.0;0.0;0.0;0.0;0.0;632;11;633.0;27.0;0.0;0.0;631.5;0.0
1;30209.0;631.0;38.0;0.0;0.0;0.0;0.0;632;38;0.0;0.0;0.0;0.0;631.5;0.0
1;30210.0;630.0;45.0;0.0;0.0;0.0;0.0;631;45;0.0;0.0;0.0;0.0;630.5;0.0
1;30211.0;631.0;38.0;0.0;0.0;0.0;0.0;632;38;0.0;0.0;0.0;0.0;631.5;0.0
1;30212.0;630.0;32.0;0.0;0.0;0.0;0.0;631;32;0.0;0.0;0.0;0.0;630.5;0.0
1;30213.0;629.0;41.0;0.0;0.0;0.0;0.0;630;41;0.0;0.0;0.0;0.0;629.5;0.0
1;30214.0;628.0;39.0;0.0;0.0;0.0;0.0;629;39;0.0;0.0;0.0;0.0;628.5;0.0
1;30215.0;629.0;37.0;0.0;0.0;0.0;0.0;630;37;0.0;0.0;0.0;0.0;629.5;0.0
1;30216.0;627.0;45.0;0.0;0.0;0.0;0.0;628;45;0.0;0.0;0.0;0.0;627.5;0.0
1;30217.0;628.0;43.0;0.0;0.0;0.0;0.0;630;43;0.0;0.0;0.0;0.0;629.0;0.0
1;30218.0;630.0;45.0;0.0;0.0;0.0;0.0;631;45;0.0;0.0;0.0;0.0;630.5;0.0
1;30219.0;630.0;38.0;0.0;0.0;0.0;0.0;631;38;0.0;0.0;0.0;0.0;630.5;0.0
1;30220.0;629.0;32.0;0.0;0.0;0.0;0.0;630;32;0.0;0.0;0.0;0.0;629.5;0.0
1;30221.0;631.0;47.0;0.0;0.0;0.0;0.0;632;47;0.0;0.0;0.0;0.0;631.5;0.0
1;30222.0;630.0;47.0;0.0;0.0;0.0;0.0;631;47;0.0;0.0;0.0;0.0;630.5;0.0
1;30223.0;631.0;48.0;0.0;0.0;0.0;0.0;632;48;0.0;0.0;0.0;0.0;631.5;0.0
1;30224.0;629.0;42.0;0.0;0.0;0.0;0.0;630;42;0.0;0.0;0.0;0.0;629.5;0.0
1;30225.0;629.0;42.0;0.0;0.0;0.0;0.0;630;42;0.0;0.0;0.0;0.0;629.5;0.0
1;30226.0;629.0;30.0;0.0;0.0;0.0;0.0;630;30;0.0;0.0;0.0;0.0;629.5;0.0
1;30227.0;629.0;33.0;0.0;0.0;0.0;0.0;630;33;0.0;0.0;0.0;0.0;629.5;0.0
1;30228.0;629.0;32.0;0.0;0.0;0.0;0.0;630;32;0.0;0.0;0.0;0.0;629.5;0.0
1;30229.0;627.0;44.0;0.0;0.0;0.0;0.0;628;44;0.0;0.0;0.0;0.0;627.5;0.0
1;30230.0;627.0;31.0;0.0;0.0;0.0;0.0;628;38;0.0;0.0;0.0;0.0;627.5;0.0
1;30231.0;625.0;42.0;0.0;0.0;0.0;0.0;626;42;0.0;0.0;0.0;0.0;625.5;0.0
1;30232.0;626.0;40.0;0.0;0.0;0.0;0.0;627;40;0.0;0.0;0.0;0.0;626.5;0.0
1;30233.0;625.0;34.0;0.0;0.0;0.0;0.0;626;34;0.0;0.0;0.0;0.0;625.5;0.0
1;30234.0;625.0;41.0;0.0;0.0;0.0;0.0;626;41;0.0;0.0;0.0;0.0;625.5;0.0
1;30235.0;625.0;38.0;0.0;0.0;0.0;0.0;626;38;0.0;0.0;0.0;0.0;625.5;0.0
1;30236.0;624.0;40.0;0.0;0.0;0.0;0.0;625;40;0.0;0.0;0.0;0.0;624.5;0.0
1;30237.0;625.0;42.0;0.0;0.0;0.0;0.0;626;42;0.0;0.0;0.0;0.0;625.5;0.0
1;30238.0;623.0;34.0;0.0;0.0;0.0;0.0;625;34;0.0;0.0;0.0;0.0;624.0;0.0
1;30239.0;624.0;33.0;0.0;0.0;0.0;0.0;625;33;0.0;0.0;0.0;0.0;624.5;0.0
1;30240.0;625.0;37.0;0.0;0.0;0.0;0.0;626;37;0.0;0.0;0.0;0.0;625.5;0.0
1;30241.0;625.0;42.0;0.0;0.0;0.0;0.0;626;42;0.0;0.0;0.0;0.0;625.5;0.0
1;30242.0;624.0;42.0;0.0;0.0;0.0;0.0;625;42;0.0;0.0;0.0;0.0;624.5;0.0
1;30243.0;623.0;39.0;0.0;0.0;0.0;0.0;624;39;0.0;0.0;0.0;0.0;623.5;0.0
1;30244.0;625.0;37.0;0.0;0.0;0.0;0.0;626;37;0.0;0.0;0.0;0.0;625.5;0.0
1;30245.0;626.0;40.0;0.0;0.0;0.0;0.0;627;40;0.0;0.0;0.0;0.0;626.5;0.0
1;30246.0;625.0;46.0;0.0;0.0;0.0;0.0;626;46;0.0;0.0;0.0;0.0;625.5;0.0
1;30247.0;625.0;37.0;0.0;0.0;0.0;0.0;626;37;0.0;0.0;0.0;0.0;625.5;0.0
1;30248.0;624.0;41.0;0.0;0.0;0.0;0.0;626;41;0.0;0.0;0.0;0.0;625.0;0.0
1;30249.0;623.0;30.0;0.0;0.0;0.0;0.0;624;30;0.0;0.0;0.0;0.0;623.5;0.0
1;30250.0;623.0;37.0;0.0;0.0;0.0;0.0;624;37;0.0;0.0;0.0;0.0;623.5;0.0
1;30251.0;624.0;32.0;0.0;0.0;0.0;0.0;626;32;0.0;0.0;0.0;0.0;625.0;0.0
1;30252.0;624.0;44.0;0.0;0.0;0.0;0.0;625;44;0.0;0.0;0.0;0.0;624.5;0.0
1;30253.0;623.0;40.0;0.0;0.0;0.0;0.0;624;40;0.0;0.0;0.0;0.0;623.5;0.0
1;30254.0;623.0;28.0;0.0;0.0;0.0;0.0;624;28;0.0;0.0;0.0;0.0;623.5;0.0
1;30255.0;624.0;42.0;0.0;0.0;0.0;0.0;625;42;0.0;0.0;0.0;0.0;624.5;0.0
1;30256.0;624.0;60.0;0.0;0.0;0.0;0.0;625;48;0.0;0.0;0.0;0.0;624.5;0.0
1;30257.0;624.0;33.0;0.0;0.0;0.0;0.0;625;33;0.0;0.0;0.0;0.0;624.5;0.0
1;30258.0;625.0;31.0;0.0;0.0;0.0;0.0;626;31;0.0;0.0;0.0;0.0;625.5;0.0
1;30259.0;626.0;39.0;0.0;0.0;0.0;0.0;627;39;0.0;0.0;0.0;0.0;626.5;0.0
1;30260.0;626.0;32.0;0.0;0.0;0.0;0.0;627;32;0.0;0.0;0.0;0.0;626.5;0.0
1;30261.0;626.0;37.0;0.0;0.0;0.0;0.0;627;37;0.0;0.0;0.0;0.0;626.5;0.0
1;30262.0;626.0;41.0;0.0;0.0;0.0;0.0;627;41;0.0;0.0;0.0;0.0;626.5;0.0
1;30263.0;625.0;45.0;0.0;0.0;0.0;0.0;626;45;0.0;0.0;0.0;0.0;625.5;0.0
1;30264.0;625.0;37.0;0.0;0.0;0.0;0.0;626;37;0.0;0.0;0.0;0.0;625.5;0.0
1;30265.0;624.0;34.0;0.0;0.0;0.0;0.0;625;34;0.0;0.0;0.0;0.0;624.5;0.0
1;30266.0;624.0;45.0;0.0;0.0;0.0;0.0;625;45;0.0;0.0;0.0;0.0;624.5;0.0
1;30267.0;625.0;7.0;0.0;0.0;0.0;0.0;626;34;0.0;0.0;0.0;0.0;625.5;0.0
1;30268.0;623.0;48.0;0.0;0.0;0.0;0.0;624;30;0.0;0.0;0.0;0.0;623.5;0.0
1;30269.0;623.0;15.0;0.0;0.0;0.0;0.0;625;35;0.0;0.0;0.0;0.0;624.0;0.0
1;30270.0;623.0;31.0;0.0;0.0;0.0;0.0;625;31;0.0;0.0;0.0;0.0;624.0;0.0
1;30271.0;624.0;31.0;0.0;0.0;0.0;0.0;625;31;0.0;0.0;0.0;0.0;624.5;0.0
1;30272.0;622.0;46.0;0.0;0.0;0.0;0.0;623;46;0.0;0.0;0.0;0.0;622.5;0.0
1;30273.0;621.0;46.0;0.0;0.0;0.0;0.0;622;46;0.0;0.0;0.0;0.0;621.5;0.0
1;30274.0;621.0;41.0;0.0;0.0;0.0;0.0;622;41;0.0;0.0;0.0;0.0;621.5;0.0
1;30275.0;621.0;41.0;0.0;0.0;0.0;0.0;622;41;0.0;0.0;0.0;0.0;621.5;0.0
1;30276.0;620.0;33.0;0.0;0.0;0.0;0.0;621;33;0.0;0.0;0.0;0.0;620.5;0.0
1;30277.0;620.0;46.0;0.0;0.0;0.0;0.0;621;46;0.0;0.0;0.0;0.0;620.5;0.0
1;30278.0;620.0;44.0;0.0;0.0;0.0;0.0;621;44;0.0;0.0;0.0;0.0;620.5;0.0
1;30279.0;621.0;48.0;0.0;0.0;0.0;0.0;622;48;0.0;0.0;0.0;0.0;621.5;0.0
1;30280.0;621.0;34.0;0.0;0.0;0.0;0.0;622;34;0.0;0.0;0.0;0.0;621.5;0.0
1;30281.0;621.0;34.0;0.0;0.0;0.0;0.0;622;34;0.0;0.0;0.0;0.0;621.5;0.0
1;30282.0;622.0;40.0;0.0;0.0;0.0;0.0;623;40;0.0;0.0;0.0;0.0;622.5;0.0
1;30283.0;623.0;33.0;0.0;0.0;0.0;0.0;624;33;0.0;0.0;0.0;0.0;623.5;0.0
1;30284.0;625.0;35.0;0.0;0.0;0.0;0.0;626;35;0.0;0.0;0.0;0.0;625.5;0.0
1;30285.0;622.0;38.0;0.0;0.0;0.0;0.0;623;38;0.0;0.0;0.0;0.0;622.5;0.0
1;30286.0;622.0;34.0;0.0;0.0;0.0;0.0;623;34;0.0;0.0;0.0;0.0;622.5;0.0
1;30287.0;623.0;46.0;0.0;0.0;0.0;0.0;624;35;0.0;0.0;0.0;0.0;623.5;0.0
1;30288.0;624.0;42.0;0.0;0.0;0.0;0.0;625;42;0.0;0.0;0.0;0.0;624.5;0.0
1;30289.0;623.0;36.0;0.0;0.0;0.0;0.0;624;36;0.0;0.0;0.0;0.0;623.5;0.0
1;30290.0;624.0;45.0;0.0;0.0;0.0;0.0;625;45;0.0;0.0;0.0;0.0;624.5;0.0
1;30291.0;622.0;34.0;0.0;0.0;0.0;0.0;623;34;0.0;0.0;0.0;0.0;622.5;0.0
1;30292.0;622.0;33.0;0.0;0.0;0.0;0.0;623;33;0.0;0.0;0.0;0.0;622.5;0.0
1;30293.0;622.0;45.0;0.0;0.0;0.0;0.0;623;38;0.0;0.0;0.0;0.0;622.5;0.0
1;30294.0;624.0;41.0;0.0;0.0;0.0;0.0;625;41;0.0;0.0;0.0;0.0;624.5;0.0
1;30295.0;624.0;14.0;0.0;0.0;0.0;0.0;625;34;0.0;0.0;0.0;0.0;624.5;0.0
1;30296.0;624.0;47.0;0.0;0.0;0.0;0.0;625;47;0.0;0.0;0.0;0.0;624.5;0.0
1;30297.0;623.0;42.0;0.0;0.0;0.0;0.0;624;42;0.0;0.0;0.0;0.0;623.5;0.0
1;30298.0;623.0;37.0;0.0;0.0;0.0;0.0;624;37;0.0;0.0;0.0;0.0;623.5;0.0
1;30299.0;623.0;38.0;0.0;0.0;0.0;0.0;624;38;0.0;0.0;0.0;0.0;623.5;0.0
1;30300.0;624.0;42.0;0.0;0.0;0.0;0.0;625;42;0.0;0.0;0.0;0.0;624.5;0.0
1;30301.0;624.0;36.0;0.0;0.0;0.0;0.0;625;36;0.0;0.0;0.0;0.0;624.5;0.0
1;30302.0;624.0;41.0;0.0;0.0;0.0;0.0;625;41;0.0;0.0;0.0;0.0;624.5;0.0
1;30303.0;625.0;48.0;0.0;0.0;0.0;0.0;626;48;0.0;0.0;0.0;0.0;625.5;0.0
1;30304.0;626.0;46.0;0.0;0.0;0.0;0.0;627;46;0.0;0.0;0.0;0.0;626.5;0.0
1;30305.0;628.0;43.0;0.0;0.0;0.0;0.0;629;43;0.0;0.0;0.0;0.0;628.5;0.0
1;30306.0;627.0;45.0;0.0;0.0;0.0;0.0;628;31;0.0;0.0;0.0;0.0;627.5;0.0
1;30307.0;627.0;50.0;0.0;0.0;0.0;0.0;628;30;0.0;0.0;0.0;0.0;627.5;0.0
1;30308.0;627.0;41.0;0.0;0.0;0.0;0.0;628;41;0.0;0.0;0.0;0.0;627.5;0.0
1;30309.0;628.0;50.0;0.0;0.0;0.0;0.0;629;38;0.0;0.0;0.0;0.0;628.5;0.0
1;30310.0;628.0;40.0;0.0;0.0;0.0;0.0;630;40;0.0;0.0;0.0;0.0;629.0;0.0
1;30311.0;628.0;28.0;0.0;0.0;0.0;0.0;629;47;0.0;0.0;0.0;0.0;628.5;0.0
1;30312.0;630.0;45.0;0.0;0.0;0.0;0.0;631;45;0.0;0.0;0.0;0.0;630.5;0.0
1;30313.0;629.0;41.0;0.0;0.0;0.0;0.0;630;41;0.0;0.0;0.0;0.0;629.5;0.0
1;30314.0;631.0;40.0;0.0;0.0;0.0;0.0;632;40;0.0;0.0;0.0;0.0;631.5;0.0
1;30315.0;631.0;36.0;0.0;0.0;0.0;0.0;632;36;0.0;0.0;0.0;0.0;631.5;0.0
1;30316.0;632.0;46.0;0.0;0.0;0.0;0.0;633;46;0.0;0.0;0.0;0.0;632.5;0.0
1;30317.0;634.0;33.0;0.0;0.0;0.0;0.0;635;33;0.0;0.0;0.0;0.0;634.5;0.0
1;30318.0;636.0;33.0;0.0;0.0;0.0;0.0;637;33;0.0;0.0;0.0;0.0;636.5;0.0
1;30319.0;636.0;39.0;0.0;0.0;0.0;0.0;637;39;0.0;0.0;0.0;0.0;636.5;0.0
1;30320.0;636.0;36.0;0.0;0.0;0.0;0.0;637;36;0.0;0.0;0.0;0.0;636.5;0.0
1;30321.0;636.0;36.0;0.0;0.0;0.0;0.0;637;36;0.0;0.0;0.0;0.0;636.5;0.0
1;30322.0;634.0;50.0;0.0;0.0;0.0;0.0;636;50;0.0;0.0;0.0;0.0;635.0;0.0
1;30323.0;634.0;56.0;0.0;0.0;0.0;0.0;635;46;0.0;0.0;0.0;0.0;634.5;0.0
1;30324.0;634.0;51.0;0.0;0.0;0.0;0.0;635;51;0.0;0.0;0.0;0.0;634.5;0.0
1;30325.0;635.0;51.0;0.0;0.0;0.0;0.0;636;43;0.0;0.0;0.0;0.0;635.5;0.0
1;30326.0;636.0;47.0;0.0;0.0;0.0;0.0;637;47;0.0;0.0;0.0;0.0;636.5;0.0
1;30327.0;638.0;35.0;0.0;0.0;0.0;0.0;639;35;0.0;0.0;0.0;0.0;638.5;0.0
1;30328.0;637.0;43.0;0.0;0.0;0.0;0.0;638;43;0.0;0.0;0.0;0.0;637.5;0.0
1;30329.0;636.0;43.0;0.0;0.0;0.0;0.0;637;43;0.0;0.0;0.0;0.0;636.5;0.0
1;30330.0;636.0;32.0;0.0;0.0;0.0;0.0;637;32;0.0;0.0;0.0;0.0;636.5;0.0
1;30331.0;636.0;34.0;0.0;0.0;0.0;0.0;637;34;0.0;0.0;0.0;0.0;636.5;0.0
1;30332.0;637.0;27.0;0.0;0.0;0.0;0.0;638;42;0.0;0.0;0.0;0.0;637.5;0.0
1;30333.0;636.0;39.0;0.0;0.0;0.0;0.0;637;39;0.0;0.0;0.0;0.0;636.5;0.0
1;30334.0;636.0;43.0;0.0;0.0;0.0;0.0;637;43;0.0;0.0;0.0;0.0;636.5;0.0
1;30335.0;635.0;34.0;0.0;0.0;0.0;0.0;636;34;0.0;0.0;0.0;0.0;635.5;0.0
1;30336.0;633.0;33.0;0.0;0.0;0.0;0.0;634;33;0.0;0.0;0.0;0.0;633.5;0.0
1;30337.0;631.0;38.0;0.0;0.0;0.0;0.0;632;38;0.0;0.0;0.0;0.0;631.5;0.0
1;30338.0;630.0;51.0;0.0;0.0;0.0;0.0;631;32;0.0;0.0;0.0;0.0;630.5;0.0
1;30339.0;630.0;32.0;0.0;0.0;0.0;0.0;631;32;0.0;0.0;0.0;0.0;630.5;0.0
1;30340.0;632.0;60.0;0.0;0.0;0.0;0.0;633;40;0.0;0.0;0.0;0.0;632.5;0.0
1;30341.0;630.0;41.0;0.0;0.0;0.0;0.0;631;41;0.0;0.0;0.0;0.0;630.5;0.0
1;30342.0;630.0;28.0;0.0;0.0;0.0;0.0;631;28;0.0;0.0;0.0;0.0;630.5;0.0
1;30343.0;629.0;36.0;0.0;0.0;0.0;0.0;630;36;0.0;0.0;0.0;0.0;629.5;0.0
1;30344.0;631.0;33.0;0.0;0.0;0.0;0.0;632;33;0.0;0.0;0.0;0.0;631.5;0.0
1;30345.0;631.0;34.0;0.0;0.0;0.0;0.0;633;34;0.0;0.0;0.0;0.0;632.0;0.0
1;30346.0;633.0;46.0;0.0;0.0;0.0;0.0;634;46;0.0;0.0;0.0;0.0;633.5;0.0
1;30347.0;634.0;29.0;0.0;0.0;0.0;0.0;635;29;0.0;0.0;0.0;0.0;634.5;0.0
1;30348.0;635.0;45.0;0.0;0.0;0.0;0.0;636;45;0.0;0.0;0.0;0.0;635.5;0.0
1;30349.0;635.0;44.0;0.0;0.0;0.0;0.0;636;44;0.0;0.0;0.0;0.0;635.5;0.0
1;30350.0;633.0;26.0;0.0;0.0;0.0;0.0;634;26;0.0;0.0;0.0;0.0;633.5;0.0
1;30351.0;635.0;35.0;0.0;0.0;0.0;0.0;636;35;0.0;0.0;0.0;0.0;635.5;0.0
1;30352.0;636.0;46.0;0.0;0.0;0.0;0.0;637;46;0.0;0.0;0.0;0.0;636.5;0.0
1;30353.0;636.0;38.0;0.0;0.0;0.0;0.0;637;38;0.0;0.0;0.0;0.0;636.5;0.0
1;30354.0;637.0;39.0;0.0;0.0;0.0;0.0;638;39;0.0;0.0;0.0;0.0;637.5;0.0
1;30355.0;635.0;30.0;0.0;0.0;0.0;0.0;636;45;0.0;0.0;0.0;0.0;635.5;0.0
1;30356.0;636.0;48.0;0.0;0.0;0.0;0.0;637;48;0.0;0.0;0.0;0.0;636.5;0.0
1;30357.0;636.0;46.0;0.0;0.0;0.0;0.0;637;46;0.0;0.0;0.0;0.0;636.5;0.0
1;30358.0;636.0;42.0;0.0;0.0;0.0;0.0;637;42;0.0;0.0;0.0;0.0;636.5;0.0
1;30359.0;636.0;34.0;0.0;0.0;0.0;0.0;637;34;0.0;0.0;0.0;0.0;636.5;0.0
1;30360.0;637.0;37.0;0.0;0.0;0.0;0.0;638;37;0.0;0.0;0.0;0.0;637.5;0.0
1;30361.0;633.0;36.0;0.0;0.0;0.0;0.0;634;36;0.0;0.0;0.0;0.0;633.5;0.0
1;30362.0;632.0;67.0;0.0;0.0;0.0;0.0;633;48;0.0;0.0;0.0;0.0;632.5;0.0
1;30363.0;634.0;38.0;0.0;0.0;0.0;0.0;635;43;0.0;0.0;0.0;0.0;634.5;0.0
1;30364.0;636.0;34.0;0.0;0.0;0.0;0.0;637;34;0.0;0.0;0.0;0.0;636.5;0.0
1;30365.0;636.0;40.0;0.0;0.0;0.0;0.0;637;40;0.0;0.0;0.0;0.0;636.5;0.0
1;30366.0;635.0;55.0;0.0;0.0;0.0;0.0;636;40;0.0;0.0;0.0;0.0;635.5;0.0
1;30367.0;634.0;40.0;0.0;0.0;0.0;0.0;635;40;0.0;0.0;0.0;0.0;634.5;0.0
1;30368.0;633.0;44.0;0.0;0.0;0.0;0.0;634;44;0.0;0.0;0.0;0.0;633.5;0.0
1;30369.0;634.0;16.0;633.0;20.0;0.0;0.0;635;36;0.0;0.0;0.0;0.0;634.5;0.0
1;30370.0;634.0;60.0;0.0;0.0;0.0;0.0;635;44;0.0;0.0;0.0;0.0;634.5;0.0
1;30371.0;634.0;33.0;0.0;0.0;0.0;0.0;635;33;0.0;0.0;0.0;0.0;634.5;0.0
1;30372.0;633.0;33.0;0.0;0.0;0.0;0.0;634;33;0.0;0.0;0.0;0.0;633.5;0.0
1;30373.0;633.0;46.0;0.0;0.0;0.0;0.0;634;46;0.0;0.0;0.0;0.0;633.5;0.0
1;30374.0;632.0;21.0;0.0;0.0;0.0;0.0;633;41;0.0;0.0;0.0;0.0;632.5;0.0
1;30375.0;631.0;30.0;0.0;0.0;0.0;0.0;632;30;0.0;0.0;0.0;0.0;631.5;0.0
1;30376.0;632.0;30.0;0.0;0.0;0.0;0.0;633;30;0.0;0.0;0.0;0.0;632.5;0.0
1;30377.0;633.0;46.0;0.0;0.0;0.0;0.0;634;46;0.0;0.0;0.0;0.0;633.5;0.0
1;30378.0;633.0;38.0;0.0;0.0;0.0;0.0;634;38;0.0;0.0;0.0;0.0;633.5;0.0
1;30379.0;635.0;34.0;0.0;0.0;0.0;0.0;636;34;0.0;0.0;0.0;0.0;635.5;0.0
1;30380.0;634.0;47.0;0.0;0.0;0.0;0.0;635;47;0.0;0.0;0.0;0.0;634.5;0.0
1;30381.0;635.0;43.0;0.0;0.0;0.0;0.0;636;43;0.0;0.0;0.0;0.0;635.5;0.0
1;30382.0;634.0;28.0;0.0;0.0;0.0;0.0;635;28;0.0;0.0;0.0;0.0;634.5;0.0
1;30383.0;635.0;47.0;0.0;0.0;0.0;0.0;636;47;0.0;0.0;0.0;0.0;635.5;0.0
1;30384.0;635.0;40.0;0.0;0.0;0.0;0.0;637;40;0.0;0.0;0.0;0.0;636.0;0.0
1;30385.0;635.0;39.0;0.0;0.0;0.0;0.0;637;39;0.0;0.0;0.0;0.0;636.0;0.0
1;30386.0;636.0;47.0;0.0;0.0;0.0;0.0;637;47;0.0;0.0;0.0;0.0;636.5;0.0
1;30387.0;637.0;30.0;0.0;0.0;0.0;0.0;638;30;0.0;0.0;0.0;0.0;637.5;0.0
1;30388.0;637.0;29.0;0.0;0.0;0.0;0.0;638;12;639.0;17.0;0.0;0.0;637.5;0.0
1;30389.0;638.0;25.0;0.0;0.0;0.0;0.0;639;36;0.0;0.0;0.0;0.0;638.5;0.0
1;30390.0;638.0;36.0;0.0;0.0;0.0;0.0;639;36;0.0;0.0;0.0;0.0;638.5;0.0
1;30391.0;637.0;40.0;0.0;0.0;0.0;0.0;638;40;0.0;0.0;0.0;0.0;637.5;0.0
1;30392.0;637.0;34.0;0.0;0.0;0.0;0.0;639;46;0.0;0.0;0.0;0.0;638.0;0.0
1;30393.0;638.0;43.0;0.0;0.0;0.0;0.0;639;43;0.0;0.0;0.0;0.0;638.5;0.0
1;30394.0;637.0;56.0;0.0;0.0;0.0;0.0;639;37;0.0;0.0;0.0;0.0;638.0;0.0
1;30395.0;637.0;45.0;0.0;0.0;0.0;0.0;638;34;0.0;0.0;0.0;0.0;637.5;0.0
1;30396.0;638.0;38.0;0.0;0.0;0.0;0.0;639;38;0.0;0.0;0.0;0.0;638.5;0.0
1;30397.0;641.0;42.0;0.0;0.0;0.0;0.0;642;42;0.0;0.0;0.0;0.0;641.5;0.0
1;30398.0;642.0;39.0;0.0;0.0;0.0;0.0;643;29;0.0;0.0;0.0;0.0;642.5;0.0
1;30399.0;642.0;32.0;0.0;0.0;0.0;0.0;643;2;644.0;30.0;0.0;0.0;642.5;0.0
1;30400.0;642.0;37.0;0.0;0.0;0.0;0.0;643;37;0.0;0.0;0.0;0.0;642.5;0.0
1;30401.0;641.0;45.0;0.0;0.0;0.0;0.0;642;39;0.0;0.0;0.0;0.0;641.5;0.0
1;30402.0;641.0;36.0;0.0;0.0;0.0;0.0;642;36;0.0;0.0;0.0;0.0;641.5;0.0
1;30403.0;640.0;33.0;0.0;0.0;0.0;0.0;641;33;0.0;0.0;0.0;0.0;640.5;0.0
1;30404.0;639.0;46.0;0.0;0.0;0.0;0.0;640;46;0.0;0.0;0.0;0.0;639.5;0.0
1;30405.0;638.0;47.0;0.0;0.0;0.0;0.0;639;47;0.0;0.0;0.0;0.0;638.5;0.0
1;30406.0;637.0;61.0;0.0;0.0;0.0;0.0;638;42;0.0;0.0;0.0;0.0;637.5;0.0
1;30407.0;636.0;38.0;0.0;0.0;0.0;0.0;637;38;0.0;0.0;0.0;0.0;636.5;0.0
1;30408.0;635.0;39.0;0.0;0.0;0.0;0.0;636;39;0.0;0.0;0.0;0.0;635.5;0.0
1;30409.0;636.0;31.0;0.0;0.0;0.0;0.0;637;47;0.0;0.0;0.0;0.0;636.5;0.0
1;30410.0;637.0;43.0;0.0;0.0;0.0;0.0;638;43;0.0;0.0;0.0;0.0;637.5;0.0
1;30411.0;637.0;39.0;0.0;0.0;0.0;0.0;638;39;0.0;0.0;0.0;0.0;637.5;0.0
1;30412.0;636.0;43.0;0.0;0.0;0.0;0.0;637;43;0.0;0.0;0.0;0.0;636.5;0.0
1;30413.0;637.0;52.0;0.0;0.0;0.0;0.0;638;36;0.0;0.0;0.0;0.0;637.5;0.0
1;30414.0;637.0;63.0;0.0;0.0;0.0;0.0;638;49;0.0;0.0;0.0;0.0;637.5;0.0
1;30415.0;637.0;47.0;0.0;0.0;0.0;0.0;638;20;639.0;27.0;0.0;0.0;637.5;0.0
1;30416.0;637.0;34.0;0.0;0.0;0.0;0.0;638;34;0.0;0.0;0.0;0.0;637.5;0.0
1;30417.0;634.0;29.0;0.0;0.0;0.0;0.0;635;29;0.0;0.0;0.0;0.0;634.5;0.0
1;30418.0;633.0;42.0;0.0;0.0;0.0;0.0;635;42;0.0;0.0;0.0;0.0;634.0;0.0
1;30419.0;634.0;59.0;0.0;0.0;0.0;0.0;635;46;0.0;0.0;0.0;0.0;634.5;0.0
1;30420.0;634.0;59.0;0.0;0.0;0.0;0.0;635;43;0.0;0.0;0.0;0.0;634.5;0.0
1;30421.0;632.0;42.0;0.0;0.0;0.0;0.0;633;42;0.0;0.0;0.0;0.0;632.5;0.0
1;30422.0;632.0;43.0;0.0;0.0;0.0;0.0;633;33;0.0;0.0;0.0;0.0;632.5;0.0
1;30423.0;631.0;49.0;0.0;0.0;0.0;0.0;632;49;0.0;0.0;0.0;0.0;631.5;0.0
1;30424.0;631.0;36.0;0.0;0.0;0.0;0.0;632;36;0.0;0.0;0.0;0.0;631.5;0.0
1;30425.0;631.0;44.0;0.0;0.0;0.0;0.0;632;44;0.0;0.0;0.0;0.0;631.5;0.0
1;30426.0;631.0;52.0;0.0;0.0;0.0;0.0;632;38;0.0;0.0;0.0;0.0;631.5;0.0
1;30427.0;630.0;33.0;0.0;0.0;0.0;0.0;631;33;0.0;0.0;0.0;0.0;630.5;0.0
1;30428.0;631.0;49.0;0.0;0.0;0.0;0.0;632;33;0.0;0.0;0.0;0.0;631.5;0.0
1;30429.0;630.0;38.0;0.0;0.0;0.0;0.0;631;38;0.0;0.0;0.0;0.0;630.5;0.0
1;30430.0;629.0;32.0;0.0;0.0;0.0;0.0;630;32;0.0;0.0;0.0;0.0;629.5;0.0
1;30431.0;629.0;35.0;0.0;0.0;0.0;0.0;630;35;0.0;0.0;0.0;0.0;629.5;0.0
1;30432.0;627.0;1.0;626.0;37.0;0.0;0.0;628;38;0.0;0.0;0.0;0.0;627.5;0.0
1;30433.0;626.0;39.0;0.0;0.0;0.0;0.0;628;39;0.0;0.0;0.0;0.0;627.0;0.0
1;30434.0;627.0;39.0;0.0;0.0;0.0;0.0;628;39;0.0;0.0;0.0;0.0;627.5;0.0
1;30435.0;626.0;36.0;0.0;0.0;0.0;0.0;628;36;0.0;0.0;0.0;0.0;627.0;0.0
1;30436.0;627.0;26.0;0.0;0.0;0.0;0.0;628;38;0.0;0.0;0.0;0.0;627.5;0.0
1;30437.0;627.0;29.0;0.0;0.0;0.0;0.0;628;29;0.0;0.0;0.0;0.0;627.5;0.0
1;30438.0;626.0;49.0;0.0;0.0;0.0;0.0;627;49;0.0;0.0;0.0;0.0;626.5;0.0
1;30439.0;626.0;41.0;0.0;0.0;0.0;0.0;627;41;0.0;0.0;0.0;0.0;626.5;0.0
1;30440.0;627.0;28.0;0.0;0.0;0.0;0.0;628;28;0.0;0.0;0.0;0.0;627.5;0.0
1;30441.0;628.0;34.0;0.0;0.0;0.0;0.0;629;29;0.0;0.0;0.0;0.0;628.5;0.0
1;30442.0;629.0;43.0;0.0;0.0;0.0;0.0;630;43;0.0;0.0;0.0;0.0;629.5;0.0
1;30443.0;629.0;43.0;0.0;0.0;0.0;0.0;630;43;0.0;0.0;0.0;0.0;629.5;0.0
1;30444.0;629.0;39.0;0.0;0.0;0.0;0.0;630;39;0.0;0.0;0.0;0.0;629.5;0.0
1;30445.0;627.0;50.0;0.0;0.0;0.0;0.0;628;30;0.0;0.0;0.0;0.0;627.5;0.0
1;30446.0;626.0;42.0;0.0;0.0;0.0;0.0;627;42;0.0;0.0;0.0;0.0;626.5;0.0
1;30447.0;627.0;31.0;0.0;0.0;0.0;0.0;628;44;0.0;0.0;0.0;0.0;627.5;0.0
1;30448.0;627.0;40.0;0.0;0.0;0.0;0.0;628;40;0.0;0.0;0.0;0.0;627.5;0.0
1;30449.0;625.0;34.0;0.0;0.0;0.0;0.0;626;34;0.0;0.0;0.0;0.0;625.5;0.0
1;30450.0;623.0;46.0;0.0;0.0;0.0;0.0;624;46;0.0;0.0;0.0;0.0;623.5;0.0
1;30451.0;623.0;36.0;0.0;0.0;0.0;0.0;624;36;0.0;0.0;0.0;0.0;623.5;0.0
1;30452.0;621.0;36.0;0.0;0.0;0.0;0.0;623;36;0.0;0.0;0.0;0.0;622.0;0.0
1;30453.0;620.0;33.0;0.0;0.0;0.0;0.0;621;33;0.0;0.0;0.0;0.0;620.5;0.0
1;30454.0;620.0;40.0;0.0;0.0;0.0;0.0;621;40;0.0;0.0;0.0;0.0;620.5;0.0
1;30455.0;619.0;55.0;0.0;0.0;0.0;0.0;620;45;0.0;0.0;0.0;0.0;619.5;0.0
1;30456.0;617.0;42.0;0.0;0.0;0.0;0.0;618;42;0.0;0.0;0.0;0.0;617.5;0.0
1;30457.0;619.0;45.0;0.0;0.0;0.0;0.0;620;45;0.0;0.0;0.0;0.0;619.5;0.0
1;30458.0;620.0;22.0;0.0;0.0;0.0;0.0;621;42;0.0;0.0;0.0;0.0;620.5;0.0
1;30459.0;619.0;34.0;0.0;0.0;0.0;0.0;620;34;0.0;0.0;0.0;0.0;619.5;0.0
1;30460.0;621.0;32.0;0.0;0.0;0.0;0.0;622;32;0.0;0.0;0.0;0.0;621.5;0.0
1;30461.0;620.0;46.0;0.0;0.0;0.0;0.0;621;46;0.0;0.0;0.0;0.0;620.5;0.0
1;30462.0;621.0;51.0;0.0;0.0;0.0;0.0;622;40;0.0;0.0;0.0;0.0;621.5;0.0
1;30463.0;619.0;34.0;0.0;0.0;0.0;0.0;620;34;0.0;0.0;0.0;0.0;619.5;0.0
1;30464.0;619.0;34.0;0.0;0.0;0.0;0.0;620;34;0.0;0.0;0.0;0.0;619.5;0.0
1;30465.0;617.0;40.0;0.0;0.0;0.0;0.0;618;40;0.0;0.0;0.0;0.0;617.5;0.0
1;30466.0;616.0;41.0;0.0;0.0;0.0;0.0;617;41;0.0;0.0;0.0;0.0;616.5;0.0
1;30467.0;616.0;25.0;0.0;0.0;0.0;0.0;617;41;0.0;0.0;0.0;0.0;616.5;0.0
1;30468.0;616.0;36.0;0.0;0.0;0.0;0.0;617;36;0.0;0.0;0.0;0.0;616.5;0.0
1;30469.0;615.0;51.0;0.0;0.0;0.0;0.0;616;41;0.0;0.0;0.0;0.0;615.5;0.0
1;30470.0;615.0;45.0;0.0;0.0;0.0;0.0;616;45;0.0;0.0;0.0;0.0;615.5;0.0
1;30471.0;613.0;37.0;0.0;0.0;0.0;0.0;614;37;0.0;0.0;0.0;0.0;613.5;0.0
1;30472.0;613.0;45.0;0.0;0.0;0.0;0.0;614;45;0.0;0.0;0.0;0.0;613.5;0.0
1;30473.0;616.0;48.0;0.0;0.0;0.0;0.0;617;48;0.0;0.0;0.0;0.0;616.5;0.0
1;30474.0;614.0;59.0;0.0;0.0;0.0;0.0;615;41;0.0;0.0;0.0;0.0;614.5;0.0
1;30475.0;612.0;49.0;0.0;0.0;0.0;0.0;613;49;0.0;0.0;0.0;0.0;612.5;0.0
1;30476.0;611.0;29.0;0.0;0.0;0.0;0.0;612;29;0.0;0.0;0.0;0.0;611.5;0.0
1;30477.0;611.0;44.0;0.0;0.0;0.0;0.0;612;44;0.0;0.0;0.0;0.0;611.5;0.0
1;30478.0;613.0;37.0;0.0;0.0;0.0;0.0;614;37;0.0;0.0;0.0;0.0;613.5;0.0
1;30479.0;613.0;45.0;0.0;0.0;0.0;0.0;614;45;0.0;0.0;0.0;0.0;613.5;0.0
1;30480.0;613.0;42.0;0.0;0.0;0.0;0.0;614;42;0.0;0.0;0.0;0.0;613.5;0.0
1;30481.0;613.0;38.0;0.0;0.0;0.0;0.0;614;38;0.0;0.0;0.0;0.0;613.5;0.0
1;30482.0;614.0;33.0;0.0;0.0;0.0;0.0;615;33;0.0;0.0;0.0;0.0;614.5;0.0
1;30483.0;615.0;41.0;0.0;0.0;0.0;0.0;616;41;0.0;0.0;0.0;0.0;615.5;0.0
1;30484.0;614.0;52.0;0.0;0.0;0.0;0.0;615;41;0.0;0.0;0.0;0.0;614.5;0.0
1;30485.0;613.0;37.0;0.0;0.0;0.0;0.0;614;37;0.0;0.0;0.0;0.0;613.5;0.0
1;30486.0;615.0;48.0;0.0;0.0;0.0;0.0;616;48;0.0;0.0;0.0;0.0;615.5;0.0
1;30487.0;614.0;44.0;0.0;0.0;0.0;0.0;615;44;0.0;0.0;0.0;0.0;614.5;0.0
1;30488.0;613.0;50.0;0.0;0.0;0.0;0.0;614;33;0.0;0.0;0.0;0.0;613.5;0.0
1;30489.0;614.0;46.0;0.0;0.0;0.0;0.0;615;46;0.0;0.0;0.0;0.0;614.5;0.0
1;30490.0;612.0;29.0;0.0;0.0;0.0;0.0;613;29;0.0;0.0;0.0;0.0;612.5;0.0
1;30491.0;614.0;47.0;0.0;0.0;0.0;0.0;615;47;0.0;0.0;0.0;0.0;614.5;0.0
1;30492.0;614.0;35.0;0.0;0.0;0.0;0.0;615;35;0.0;0.0;0.0;0.0;614.5;0.0
1;30493.0;616.0;45.0;0.0;0.0;0.0;0.0;617;45;0.0;0.0;0.0;0.0;616.5;0.0
1;30494.0;615.0;37.0;0.0;0.0;0.0;0.0;616;37;0.0;0.0;0.0;0.0;615.5;0.0
1;30495.0;614.0;30.0;0.0;0.0;0.0;0.0;615;30;0.0;0.0;0.0;0.0;614.5;0.0
1;30496.0;614.0;37.0;0.0;0.0;0.0;0.0;615;27;0.0;0.0;0.0;0.0;614.5;0.0
1;30497.0;613.0;18.0;0.0;0.0;0.0;0.0;614;38;0.0;0.0;0.0;0.0;613.5;0.0
1;30498.0;616.0;32.0;0.0;0.0;0.0;0.0;617;32;0.0;0.0;0.0;0.0;616.5;0.0
1;30499.0;615.0;45.0;0.0;0.0;0.0;0.0;616;45;0.0;0.0;0.0;0.0;615.5;0.0
1;30500.0;618.0;41.0;0.0;0.0;0.0;0.0;619;41;0.0;0.0;0.0;0.0;618.5;0.0
1;30501.0;618.0;38.0;0.0;0.0;0.0;0.0;619;38;0.0;0.0;0.0;0.0;618.5;0.0
1;30502.0;619.0;38.0;0.0;0.0;0.0;0.0;620;38;0.0;0.0;0.0;0.0;619.5;0.0
1;30503.0;618.0;58.0;0.0;0.0;0.0;0.0;619;43;0.0;0.0;0.0;0.0;618.5;0.0
1;30504.0;617.0;40.0;0.0;0.0;0.0;0.0;618;40;0.0;0.0;0.0;0.0;617.5;0.0
1;30505.0;615.0;43.0;0.0;0.0;0.0;0.0;616;43;0.0;0.0;0.0;0.0;615.5;0.0
1;30506.0;616.0;38.0;0.0;0.0;0.0;0.0;617;38;0.0;0.0;0.0;0.0;616.5;0.0
1;30507.0;616.0;30.0;0.0;0.0;0.0;0.0;617;43;0.0;0.0;0.0;0.0;616.5;0.0
1;30508.0;617.0;26.0;0.0;0.0;0.0;0.0;619;26;0.0;0.0;0.0;0.0;618.0;0.0
1;30509.0;618.0;36.0;0.0;0.0;0.0;0.0;620;36;0.0;0.0;0.0;0.0;619.0;0.0
1;30510.0;620.0;32.0;0.0;0.0;0.0;0.0;621;32;0.0;0.0;0.0;0.0;620.5;0.0
1;30511.0;620.0;46.0;0.0;0.0;0.0;0.0;621;46;0.0;0.0;0.0;0.0;620.5;0.0
1;30512.0;619.0;15.0;0.0;0.0;0.0;0.0;620;29;0.0;0.0;0.0;0.0;619.5;0.0
1;30513.0;617.0;37.0;0.0;0.0;0.0;0.0;619;37;0.0;0.0;0.0;0.0;618.0;0.0
1;30514.0;618.0;38.0;0.0;0.0;0.0;0.0;619;38;0.0;0.0;0.0;0.0;618.5;0.0
1;30515.0;618.0;44.0;0.0;0.0;0.0;0.0;619;44;0.0;0.0;0.0;0.0;618.5;0.0
1;30516.0;616.0;39.0;0.0;0.0;0.0;0.0;618;39;0.0;0.0;0.0;0.0;617.0;0.0
1;30517.0;617.0;38.0;0.0;0.0;0.0;0.0;619;38;0.0;0.0;0.0;0.0;618.0;0.0
1;30518.0;618.0;42.0;0.0;0.0;0.0;0.0;619;42;0.0;0.0;0.0;0.0;618.5;0.0
1;30519.0;619.0;46.0;0.0;0.0;0.0;0.0;620;46;0.0;0.0;0.0;0.0;619.5;0.0
1;30520.0;619.0;41.0;0.0;0.0;0.0;0.0;621;41;0.0;0.0;0.0;0.0;620.0;0.0
1;30521.0;618.0;45.0;0.0;0.0;0.0;0.0;620;45;0.0;0.0;0.0;0.0;619.0;0.0
1;30522.0;619.0;38.0;0.0;0.0;0.0;0.0;621;38;0.0;0.0;0.0;0.0;620.0;0.0
1;30523.0;618.0;41.0;0.0;0.0;0.0;0.0;619;41;0.0;0.0;0.0;0.0;618.5;0.0
1;30524.0;618.0;43.0;0.0;0.0;0.0;0.0;619;43;0.0;0.0;0.0;0.0;618.5;0.0
1;30525.0;619.0;58.0;0.0;0.0;0.0;0.0;620;49;0.0;0.0;0.0;0.0;619.5;0.0
1;30526.0;620.0;40.0;0.0;0.0;0.0;0.0;621;10;622.0;42.0;0.0;0.0;620.5;0.0
1;30527.0;620.0;45.0;0.0;0.0;0.0;0.0;621;45;0.0;0.0;0.0;0.0;620.5;0.0
1;30528.0;622.0;35.0;0.0;0.0;0.0;0.0;623;35;0.0;0.0;0.0;0.0;622.5;0.0
1;30529.0;623.0;47.0;0.0;0.0;0.0;0.0;624;47;0.0;0.0;0.0;0.0;623.5;0.0
1;30530.0;620.0;34.0;0.0;0.0;0.0;0.0;621;34;0.0;0.0;0.0;0.0;620.5;0.0
1;30531.0;620.0;41.0;0.0;0.0;0.0;0.0;621;41;0.0;0.0;0.0;0.0;620.5;0.0
1;30532.0;619.0;44.0;0.0;0.0;0.0;0.0;620;44;0.0;0.0;0.0;0.0;619.5;0.0
1;30533.0;620.0;50.0;0.0;0.0;0.0;0.0;621;50;0.0;0.0;0.0;0.0;620.5;0.0
1;30534.0;620.0;32.0;0.0;0.0;0.0;0.0;621;32;0.0;0.0;0.0;0.0;620.5;0.0
1;30535.0;621.0;37.0;0.0;0.0;0.0;0.0;622;37;0.0;0.0;0.0;0.0;621.5;0.0
1;30536.0;620.0;33.0;0.0;0.0;0.0;0.0;621;33;0.0;0.0;0.0;0.0;620.5;0.0
1;30537.0;621.0;39.0;0.0;0.0;0.0;0.0;622;39;0.0;0.0;0.0;0.0;621.5;0.0
1;30538.0;622.0;45.0;0.0;0.0;0.0;0.0;623;45;0.0;0.0;0.0;0.0;622.5;0.0
1;30539.0;621.0;38.0;0.0;0.0;0.0;0.0;622;38;0.0;0.0;0.0;0.0;621.5;0.0
1;30540.0;623.0;45.0;0.0;0.0;0.0;0.0;624;45;0.0;0.0;0.0;0.0;623.5;0.0
1;30541.0;622.0;69.0;0.0;0.0;0.0;0.0;623;43;0.0;0.0;0.0;0.0;622.5;0.0
1;30542.0;622.0;45.0;0.0;0.0;0.0;0.0;624;45;0.0;0.0;0.0;0.0;623.0;0.0
1;30543.0;622.0;5.0;621.0;43.0;0.0;0.0;623;43;0.0;0.0;0.0;0.0;622.5;0.0
1;30544.0;622.0;47.0;0.0;0.0;0.0;0.0;623;47;0.0;0.0;0.0;0.0;622.5;0.0
1;30545.0;621.0;31.0;0.0;0.0;0.0;0.0;622;42;0.0;0.0;0.0;0.0;621.5;0.0
1;30546.0;621.0;31.0;0.0;0.0;0.0;0.0;622;31;0.0;0.0;0.0;0.0;621.5;0.0
1;30547.0;623.0;52.0;0.0;0.0;0.0;0.0;624;35;0.0;0.0;0.0;0.0;623.5;0.0
1;30548.0;622.0;50.0;0.0;0.0;0.0;0.0;623;50;0.0;0.0;0.0;0.0;622.5;0.0
1;30549.0;623.0;43.0;0.0;0.0;0.0;0.0;624;43;0.0;0.0;0.0;0.0;623.5;0.0
1;30550.0;623.0;45.0;0.0;0.0;0.0;0.0;624;45;0.0;0.0;0.0;0.0;623.5;0.0
1;30551.0;626.0;40.0;0.0;0.0;0.0;0.0;627;40;0.0;0.0;0.0;0.0;626.5;0.0
1;30552.0;626.0;33.0;0.0;0.0;0.0;0.0;627;33;0.0;0.0;0.0;0.0;626.5;0.0
1;30553.0;626.0;42.0;0.0;0.0;0.0;0.0;627;42;0.0;0.0;0.0;0.0;626.5;0.0
1;30554.0;625.0;10.0;0.0;0.0;0.0;0.0;626;26;0.0;0.0;0.0;0.0;625.5;0.0
1;30555.0;626.0;48.0;0.0;0.0;0.0;0.0;627;37;0.0;0.0;0.0;0.0;626.5;0.0
1;30556.0;626.0;28.0;0.0;0.0;0.0;0.0;628;28;0.0;0.0;0.0;0.0;627.0;0.0
1;30557.0;626.0;28.0;0.0;0.0;0.0;0.0;627;28;0.0;0.0;0.0;0.0;626.5;0.0
1;30558.0;625.0;42.0;0.0;0.0;0.0;0.0;626;42;0.0;0.0;0.0;0.0;625.5;0.0
1;30559.0;626.0;31.0;0.0;0.0;0.0;0.0;627;31;0.0;0.0;0.0;0.0;626.5;0.0
1;30560.0;624.0;48.0;0.0;0.0;0.0;0.0;625;48;0.0;0.0;0.0;0.0;624.5;0.0
1;30561.0;625.0;46.0;0.0;0.0;0.0;0.0;627;46;0.0;0.0;0.0;0.0;626.0;0.0
1;30562.0;627.0;39.0;0.0;0.0;0.0;0.0;628;39;0.0;0.0;0.0;0.0;627.5;0.0
1;30563.0;628.0;32.0;0.0;0.0;0.0;0.0;629;32;0.0;0.0;0.0;0.0;628.5;0.0
1;30564.0;627.0;32.0;0.0;0.0;0.0;0.0;628;32;0.0;0.0;0.0;0.0;627.5;0.0
1;30565.0;625.0;35.0;0.0;0.0;0.0;0.0;626;35;0.0;0.0;0.0;0.0;625.5;0.0
1;30566.0;625.0;41.0;0.0;0.0;0.0;0.0;626;34;0.0;0.0;0.0;0.0;625.5;0.0
1;30567.0;625.0;39.0;0.0;0.0;0.0;0.0;626;39;0.0;0.0;0.0;0.0;625.5;0.0
1;30568.0;625.0;43.0;0.0;0.0;0.0;0.0;626;43;0.0;0.0;0.0;0.0;625.5;0.0
1;30569.0;625.0;28.0;0.0;0.0;0.0;0.0;626;28;0.0;0.0;0.0;0.0;625.5;0.0
1;30570.0;624.0;34.0;0.0;0.0;0.0;0.0;625;34;0.0;0.0;0.0;0.0;624.5;0.0
1;30571.0;624.0;40.0;0.0;0.0;0.0;0.0;625;40;0.0;0.0;0.0;0.0;624.5;0.0
1;30572.0;623.0;40.0;0.0;0.0;0.0;0.0;624;40;0.0;0.0;0.0;0.0;623.5;0.0
1;30573.0;623.0;31.0;0.0;0.0;0.0;0.0;624;31;0.0;0.0;0.0;0.0;623.5;0.0
1;30574.0;623.0;37.0;0.0;0.0;0.0;0.0;624;37;0.0;0.0;0.0;0.0;623.5;0.0
1;30575.0;621.0;32.0;0.0;0.0;0.0;0.0;622;26;0.0;0.0;0.0;0.0;621.5;0.0
1;30576.0;622.0;25.0;0.0;0.0;0.0;0.0;623;39;0.0;0.0;0.0;0.0;622.5;0.0
1;30577.0;621.0;50.0;0.0;0.0;0.0;0.0;622;50;0.0;0.0;0.0;0.0;621.5;0.0
1;30578.0;619.0;38.0;0.0;0.0;0.0;0.0;620;38;0.0;0.0;0.0;0.0;619.5;0.0
1;30579.0;619.0;32.0;0.0;0.0;0.0;0.0;620;32;0.0;0.0;0.0;0.0;619.5;0.0
1;30580.0;617.0;46.0;0.0;0.0;0.0;0.0;618;46;0.0;0.0;0.0;0.0;617.5;0.0
1;30581.0;617.0;34.0;0.0;0.0;0.0;0.0;618;34;0.0;0.0;0.0;0.0;617.5;0.0
1;30582.0;618.0;36.0;0.0;0.0;0.0;0.0;619;36;0.0;0.0;0.0;0.0;618.5;0.0
1;30583.0;617.0;38.0;0.0;0.0;0.0;0.0;618;38;0.0;0.0;0.0;0.0;617.5;0.0
1;30584.0;617.0;39.0;0.0;0.0;0.0;0.0;618;39;0.0;0.0;0.0;0.0;617.5;0.0
1;30585.0;618.0;28.0;0.0;0.0;0.0;0.0;619;28;0.0;0.0;0.0;0.0;618.5;0.0
1;30586.0;617.0;47.0;0.0;0.0;0.0;0.0;618;47;0.0;0.0;0.0;0.0;617.5;0.0
1;30587.0;615.0;40.0;0.0;0.0;0.0;0.0;616;40;0.0;0.0;0.0;0.0;615.5;0.0
1;30588.0;616.0;35.0;0.0;0.0;0.0;0.0;617;35;0.0;0.0;0.0;0.0;616.5;0.0
1;30589.0;615.0;35.0;0.0;0.0;0.0;0.0;616;35;0.0;0.0;0.0;0.0;615.5;0.0
1;30590.0;615.0;32.0;0.0;0.0;0.0;0.0;616;32;0.0;0.0;0.0;0.0;615.5;0.0
1;30591.0;617.0;31.0;0.0;0.0;0.0;0.0;618;48;0.0;0.0;0.0;0.0;617.5;0.0
1;30592.0;615.0;27.0;0.0;0.0;0.0;0.0;616;27;0.0;0.0;0.0;0.0;615.5;0.0
1;30593.0;615.0;65.0;0.0;0.0;0.0;0.0;616;47;0.0;0.0;0.0;0.0;615.5;0.0
1;30594.0;615.0;40.0;0.0;0.0;0.0;0.0;616;40;0.0;0.0;0.0;0.0;615.5;0.0
1;30595.0;616.0;34.0;0.0;0.0;0.0;0.0;617;34;0.0;0.0;0.0;0.0;616.5;0.0
1;30596.0;616.0;40.0;0.0;0.0;0.0;0.0;617;40;0.0;0.0;0.0;0.0;616.5;0.0
1;30597.0;616.0;32.0;0.0;0.0;0.0;0.0;617;41;0.0;0.0;0.0;0.0;616.5;0.0
1;30598.0;616.0;40.0;0.0;0.0;0.0;0.0;617;40;0.0;0.0;0.0;0.0;616.5;0.0
1;30599.0;617.0;37.0;0.0;0.0;0.0;0.0;618;37;0.0;0.0;0.0;0.0;617.5;0.0
1;30600.0;616.0;35.0;0.0;0.0;0.0;0.0;617;35;0.0;0.0;0.0;0.0;616.5;0.0
1;30601.0;616.0;43.0;0.0;0.0;0.0;0.0;617;43;0.0;0.0;0.0;0.0;616.5;0.0
1;30602.0;615.0;33.0;0.0;0.0;0.0;0.0;616;33;0.0;0.0;0.0;0.0;615.5;0.0
1;30603.0;614.0;33.0;0.0;0.0;0.0;0.0;615;33;0.0;0.0;0.0;0.0;614.5;0.0
1;30604.0;616.0;49.0;0.0;0.0;0.0;0.0;617;49;0.0;0.0;0.0;0.0;616.5;0.0
1;30605.0;615.0;38.0;0.0;0.0;0.0;0.0;616;38;0.0;0.0;0.0;0.0;615.5;0.0
1;30606.0;616.0;48.0;0.0;0.0;0.0;0.0;617;48;0.0;0.0;0.0;0.0;616.5;0.0
1;30607.0;615.0;39.0;0.0;0.0;0.0;0.0;616;39;0.0;0.0;0.0;0.0;615.5;0.0
1;30608.0;613.0;41.0;0.0;0.0;0.0;0.0;614;41;0.0;0.0;0.0;0.0;613.5;0.0
1;30609.0;613.0;34.0;0.0;0.0;0.0;0.0;614;34;0.0;0.0;0.0;0.0;613.5;0.0
1;30610.0;615.0;22.0;614.0;30.0;0.0;0.0;616;43;0.0;0.0;0.0;0.0;615.5;0.0
1;30611.0;614.0;42.0;0.0;0.0;0.0;0.0;615;42;0.0;0.0;0.0;0.0;614.5;0.0
1;30612.0;614.0;55.0;0.0;0.0;0.0;0.0;615;42;0.0;0.0;0.0;0.0;614.5;0.0
1;30613.0;613.0;44.0;0.0;0.0;0.0;0.0;614;44;0.0;0.0;0.0;0.0;613.5;0.0
1;30614.0;613.0;26.0;0.0;0.0;0.0;0.0;614;26;0.0;0.0;0.0;0.0;613.5;0.0
1;30615.0;613.0;50.0;0.0;0.0;0.0;0.0;614;40;0.0;0.0;0.0;0.0;613.5;0.0
1;30616.0;612.0;34.0;0.0;0.0;0.0;0.0;613;34;0.0;0.0;0.0;0.0;612.5;0.0
1;30617.0;613.0;27.0;0.0;0.0;0.0;0.0;614;27;0.0;0.0;0.0;0.0;613.5;0.0
1;30618.0;612.0;45.0;0.0;0.0;0.0;0.0;613;45;0.0;0.0;0.0;0.0;612.5;0.0
1;30619.0;612.0;37.0;0.0;0.0;0.0;0.0;613;37;0.0;0.0;0.0;0.0;612.5;0.0
1;30620.0;610.0;24.0;0.0;0.0;0.0;0.0;611;38;0.0;0.0;0.0;0.0;610.5;0.0
1;30621.0;608.0;35.0;0.0;0.0;0.0;0.0;609;35;0.0;0.0;0.0;0.0;608.5;0.0
1;30622.0;609.0;43.0;0.0;0.0;0.0;0.0;610;43;0.0;0.0;0.0;0.0;609.5;0.0
1;30623.0;606.0;35.0;0.0;0.0;0.0;0.0;607;35;0.0;0.0;0.0;0.0;606.5;0.0
1;30624.0;605.0;29.0;0.0;0.0;0.0;0.0;606;29;0.0;0.0;0.0;0.0;605.5;0.0
1;30625.0;605.0;44.0;0.0;0.0;0.0;0.0;606;44;0.0;0.0;0.0;0.0;605.5;0.0
1;30626.0;605.0;43.0;0.0;0.0;0.0;0.0;606;43;0.0;0.0;0.0;0.0;605.5;0.0
1;30627.0;605.0;16.0;0.0;0.0;0.0;0.0;606;34;0.0;0.0;0.0;0.0;605.5;0.0
1;30628.0;607.0;39.0;0.0;0.0;0.0;0.0;608;39;0.0;0.0;0.0;0.0;607.5;0.0
1;30629.0;606.0;37.0;0.0;0.0;0.0;0.0;607;37;0.0;0.0;0.0;0.0;606.5;0.0
1;30630.0;606.0;25.0;0.0;0.0;0.0;0.0;607;40;0.0;0.0;0.0;0.0;606.5;0.0
1;30631.0;604.0;32.0;0.0;0.0;0.0;0.0;606;32;0.0;0.0;0.0;0.0;605.0;0.0
1;30632.0;604.0;37.0;0.0;0.0;0.0;0.0;605;37;0.0;0.0;0.0;0.0;604.5;0.0
1;30633.0;605.0;40.0;0.0;0.0;0.0;0.0;606;40;0.0;0.0;0.0;0.0;605.5;0.0
1;30634.0;606.0;45.0;0.0;0.0;0.0;0.0;607;39;0.0;0.0;0.0;0.0;606.5;0.0
1;30635.0;606.0;40.0;0.0;0.0;0.0;0.0;607;40;0.0;0.0;0.0;0.0;606.5;0.0
1;30636.0;604.0;55.0;0.0;0.0;0.0;0.0;605;40;0.0;0.0;0.0;0.0;604.5;0.0
1;30637.0;604.0;46.0;0.0;0.0;0.0;0.0;605;46;0.0;0.0;0.0;0.0;604.5;0.0
1;30638.0;603.0;35.0;0.0;0.0;0.0;0.0;605;35;0.0;0.0;0.0;0.0;604.0;0.0
1;30639.0;601.0;36.0;0.0;0.0;0.0;0.0;602;36;0.0;0.0;0.0;0.0;601.5;0.0
1;30640.0;603.0;35.0;0.0;0.0;0.0;0.0;604;35;0.0;0.0;0.0;0.0;603.5;0.0
1;30641.0;600.0;47.0;0.0;0.0;0.0;0.0;601;47;0.0;0.0;0.0;0.0;600.5;0.0
1;30642.0;603.0;36.0;0.0;0.0;0.0;0.0;604;36;0.0;0.0;0.0;0.0;603.5;0.0
1;30643.0;603.0;35.0;0.0;0.0;0.0;0.0;604;35;0.0;0.0;0.0;0.0;603.5;0.0
1;30644.0;602.0;40.0;0.0;0.0;0.0;0.0;603;40;0.0;0.0;0.0;0.0;602.5;0.0
1;30645.0;601.0;36.0;0.0;0.0;0.0;0.0;602;36;0.0;0.0;0.0;0.0;601.5;0.0
1;30646.0;601.0;43.0;0.0;0.0;0.0;0.0;602;43;0.0;0.0;0.0;0.0;601.5;0.0
1;30647.0;601.0;47.0;0.0;0.0;0.0;0.0;602;33;0.0;0.0;0.0;0.0;601.5;0.0
1;30648.0;602.0;35.0;0.0;0.0;0.0;0.0;603;35;0.0;0.0;0.0;0.0;602.5;0.0
1;30649.0;602.0;53.0;0.0;0.0;0.0;0.0;603;36;0.0;0.0;0.0;0.0;602.5;0.0
1;30650.0;601.0;41.0;0.0;0.0;0.0;0.0;602;41;0.0;0.0;0.0;0.0;601.5;0.0
1;30651.0;599.0;48.0;0.0;0.0;0.0;0.0;601;48;0.0;0.0;0.0;0.0;600.0;0.0
1;30652.0;600.0;51.0;0.0;0.0;0.0;0.0;601;33;0.0;0.0;0.0;0.0;600.5;0.0
1;30653.0;600.0;38.0;0.0;0.0;0.0;0.0;601;38;0.0;0.0;0.0;0.0;600.5;0.0
1;30654.0;601.0;40.0;0.0;0.0;0.0;0.0;602;40;0.0;0.0;0.0;0.0;601.5;0.0
1;30655.0;602.0;32.0;0.0;0.0;0.0;0.0;603;32;0.0;0.0;0.0;0.0;602.5;0.0
1;30656.0;602.0;35.0;0.0;0.0;0.0;0.0;603;35;0.0;0.0;0.0;0.0;602.5;0.0
1;30657.0;600.0;48.0;0.0;0.0;0.0;0.0;601;48;0.0;0.0;0.0;0.0;600.5;0.0
1;30658.0;597.0;43.0;0.0;0.0;0.0;0.0;599;43;0.0;0.0;0.0;0.0;598.0;0.0
1;30659.0;600.0;35.0;0.0;0.0;0.0;0.0;601;35;0.0;0.0;0.0;0.0;600.5;0.0
1;30660.0;599.0;42.0;0.0;0.0;0.0;0.0;600;42;0.0;0.0;0.0;0.0;599.5;0.0
1;30661.0;600.0;53.0;0.0;0.0;0.0;0.0;601;37;0.0;0.0;0.0;0.0;600.5;0.0
1;30662.0;599.0;52.0;0.0;0.0;0.0;0.0;600;34;0.0;0.0;0.0;0.0;599.5;0.0
1;30663.0;602.0;45.0;0.0;0.0;0.0;0.0;603;45;0.0;0.0;0.0;0.0;602.5;0.0
1;30664.0;604.0;45.0;0.0;0.0;0.0;0.0;605;38;0.0;0.0;0.0;0.0;604.5;0.0
1;30665.0;603.0;43.0;0.0;0.0;0.0;0.0;604;43;0.0;0.0;0.0;0.0;603.5;0.0
1;30666.0;604.0;36.0;0.0;0.0;0.0;0.0;605;36;0.0;0.0;0.0;0.0;604.5;0.0
1;30667.0;604.0;41.0;0.0;0.0;0.0;0.0;605;41;0.0;0.0;0.0;0.0;604.5;0.0
1;30668.0;605.0;32.0;0.0;0.0;0.0;0.0;607;32;0.0;0.0;0.0;0.0;606.0;0.0
1;30669.0;605.0;31.0;0.0;0.0;0.0;0.0;606;31;0.0;0.0;0.0;0.0;605.5;0.0
1;30670.0;605.0;37.0;0.0;0.0;0.0;0.0;606;37;0.0;0.0;0.0;0.0;605.5;0.0
1;30671.0;608.0;45.0;0.0;0.0;0.0;0.0;609;45;0.0;0.0;0.0;0.0;608.5;0.0
1;30672.0;609.0;37.0;0.0;0.0;0.0;0.0;610;37;0.0;0.0;0.0;0.0;609.5;0.0
1;30673.0;608.0;45.0;0.0;0.0;0.0;0.0;609;45;0.0;0.0;0.0;0.0;608.5;0.0
1;30674.0;609.0;30.0;0.0;0.0;0.0;0.0;610;41;0.0;0.0;0.0;0.0;609.5;0.0
1;30675.0;609.0;34.0;0.0;0.0;0.0;0.0;611;34;0.0;0.0;0.0;0.0;610.0;0.0
1;30676.0;610.0;57.0;0.0;0.0;0.0;0.0;611;38;0.0;0.0;0.0;0.0;610.5;0.0
1;30677.0;611.0;38.0;0.0;0.0;0.0;0.0;612;38;0.0;0.0;0.0;0.0;611.5;0.0
1;30678.0;610.0;36.0;0.0;0.0;0.0;0.0;612;36;0.0;0.0;0.0;0.0;611.0;0.0
1;30679.0;611.0;34.0;0.0;0.0;0.0;0.0;612;34;0.0;0.0;0.0;0.0;611.5;0.0
1;30680.0;612.0;41.0;0.0;0.0;0.0;0.0;613;41;0.0;0.0;0.0;0.0;612.5;0.0
1;30681.0;615.0;40.0;0.0;0.0;0.0;0.0;616;40;0.0;0.0;0.0;0.0;615.5;0.0
1;30682.0;616.0;41.0;0.0;0.0;0.0;0.0;617;41;0.0;0.0;0.0;0.0;616.5;0.0
1;30683.0;615.0;47.0;0.0;0.0;0.0;0.0;616;47;0.0;0.0;0.0;0.0;615.5;0.0
1;30684.0;615.0;42.0;0.0;0.0;0.0;0.0;616;42;0.0;0.0;0.0;0.0;615.5;0.0
1;30685.0;614.0;29.0;0.0;0.0;0.0;0.0;615;29;0.0;0.0;0.0;0.0;614.5;0.0
1;30686.0;617.0;37.0;0.0;0.0;0.0;0.0;618;37;0.0;0.0;0.0;0.0;617.5;0.0
1;30687.0;617.0;38.0;0.0;0.0;0.0;0.0;618;38;0.0;0.0;0.0;0.0;617.5;0.0
1;30688.0;618.0;43.0;0.0;0.0;0.0;0.0;619;43;0.0;0.0;0.0;0.0;618.5;0.0
1;30689.0;619.0;34.0;0.0;0.0;0.0;0.0;620;34;0.0;0.0;0.0;0.0;619.5;0.0
1;30690.0;620.0;37.0;0.0;0.0;0.0;0.0;621;37;0.0;0.0;0.0;0.0;620.5;0.0
1;30691.0;621.0;34.0;0.0;0.0;0.0;0.0;622;34;0.0;0.0;0.0;0.0;621.5;0.0
1;30692.0;620.0;40.0;0.0;0.0;0.0;0.0;621;40;0.0;0.0;0.0;0.0;620.5;0.0
1;30693.0;620.0;51.0;0.0;0.0;0.0;0.0;621;43;0.0;0.0;0.0;0.0;620.5;0.0
1;30694.0;619.0;32.0;0.0;0.0;0.0;0.0;620;32;0.0;0.0;0.0;0.0;619.5;0.0
1;30695.0;619.0;37.0;0.0;0.0;0.0;0.0;620;37;0.0;0.0;0.0;0.0;619.5;0.0
1;30696.0;620.0;48.0;0.0;0.0;0.0;0.0;621;48;0.0;0.0;0.0;0.0;620.5;0.0
1;30697.0;620.0;41.0;0.0;0.0;0.0;0.0;621;41;0.0;0.0;0.0;0.0;620.5;0.0
1;30698.0;619.0;46.0;0.0;0.0;0.0;0.0;620;46;0.0;0.0;0.0;0.0;619.5;0.0
1;30699.0;618.0;31.0;0.0;0.0;0.0;0.0;619;31;0.0;0.0;0.0;0.0;618.5;0.0
1;30700.0;617.0;43.0;0.0;0.0;0.0;0.0;618;43;0.0;0.0;0.0;0.0;617.5;0.0
1;30701.0;615.0;46.0;0.0;0.0;0.0;0.0;616;46;0.0;0.0;0.0;0.0;615.5;0.0
1;30702.0;615.0;35.0;0.0;0.0;0.0;0.0;616;35;0.0;0.0;0.0;0.0;615.5;0.0
1;30703.0;615.0;17.0;614.0;25.0;0.0;0.0;616;42;0.0;0.0;0.0;0.0;615.5;0.0
1;30704.0;614.0;43.0;0.0;0.0;0.0;0.0;615;43;0.0;0.0;0.0;0.0;614.5;0.0
1;30705.0;614.0;33.0;0.0;0.0;0.0;0.0;615;41;0.0;0.0;0.0;0.0;614.5;0.0
1;30706.0;613.0;41.0;0.0;0.0;0.0;0.0;614;41;0.0;0.0;0.0;0.0;613.5;0.0
1;30707.0;613.0;35.0;0.0;0.0;0.0;0.0;614;35;0.0;0.0;0.0;0.0;613.5;0.0
1;30708.0;612.0;28.0;0.0;0.0;0.0;0.0;613;28;0.0;0.0;0.0;0.0;612.5;0.0
1;30709.0;613.0;33.0;0.0;0.0;0.0;0.0;614;33;0.0;0.0;0.0;0.0;613.5;0.0
1;30710.0;613.0;39.0;0.0;0.0;0.0;0.0;615;39;0.0;0.0;0.0;0.0;614.0;0.0
1;30711.0;614.0;40.0;0.0;0.0;0.0;0.0;615;40;0.0;0.0;0.0;0.0;614.5;0.0
1;30712.0;614.0;28.0;0.0;0.0;0.0;0.0;615;28;0.0;0.0;0.0;0.0;614.5;0.0
1;30713.0;614.0;39.0;0.0;0.0;0.0;0.0;615;39;0.0;0.0;0.0;0.0;614.5;0.0
1;30714.0;614.0;49.0;0.0;0.0;0.0;0.0;615;49;0.0;0.0;0.0;0.0;614.5;0.0
1;30715.0;614.0;33.0;0.0;0.0;0.0;0.0;615;33;0.0;0.0;0.0;0.0;614.5;0.0
1;30716.0;615.0;30.0;0.0;0.0;0.0;0.0;616;37;0.0;0.0;0.0;0.0;615.5;0.0
1;30717.0;615.0;42.0;0.0;0.0;0.0;0.0;616;42;0.0;0.0;0.0;0.0;615.5;0.0
1;30718.0;614.0;35.0;0.0;0.0;0.0;0.0;616;35;0.0;0.0;0.0;0.0;615.0;0.0
1;30719.0;615.0;31.0;0.0;0.0;0.0;0.0;616;31;0.0;0.0;0.0;0.0;615.5;0.0
1;30720.0;616.0;36.0;0.0;0.0;0.0;0.0;617;36;0.0;0.0;0.0;0.0;616.5;0.0
1;30721.0;613.0;27.0;0.0;0.0;0.0;0.0;614;44;0.0;0.0;0.0;0.0;613.5;0.0
1;30722.0;613.0;38.0;0.0;0.0;0.0;0.0;614;38;0.0;0.0;0.0;0.0;613.5;0.0
1;30723.0;611.0;39.0;0.0;0.0;0.0;0.0;612;39;0.0;0.0;0.0;0.0;611.5;0.0
1;30724.0;611.0;38.0;0.0;0.0;0.0;0.0;612;38;0.0;0.0;0.0;0.0;611.5;0.0
1;30725.0;610.0;17.0;609.0;36.0;0.0;0.0;611;36;0.0;0.0;0.0;0.0;610.5;0.0
1;30726.0;611.0;41.0;0.0;0.0;0.0;0.0;612;41;0.0;0.0;0.0;0.0;611.5;0.0
1;30727.0;610.0;41.0;0.0;0.0;0.0;0.0;612;41;0.0;0.0;0.0;0.0;611.0;0.0
1;30728.0;611.0;36.0;0.0;0.0;0.0;0.0;612;36;0.0;0.0;0.0;0.0;611.5;0.0
1;30729.0;611.0;39.0;0.0;0.0;0.0;0.0;613;39;0.0;0.0;0.0;0.0;612.0;0.0
1;30730.0;611.0;38.0;0.0;0.0;0.0;0.0;612;38;0.0;0.0;0.0;0.0;611.5;0.0
1;30731.0;609.0;41.0;0.0;0.0;0.0;0.0;610;41;0.0;0.0;0.0;0.0;609.5;0.0
1;30732.0;611.0;37.0;0.0;0.0;0.0;0.0;612;37;0.0;0.0;0.0;0.0;611.5;0.0
1;30733.0;611.0;35.0;0.0;0.0;0.0;0.0;612;35;0.0;0.0;0.0;0.0;611.5;0.0
1;30734.0;611.0;25.0;0.0;0.0;0.0;0.0;612;35;0.0;0.0;0.0;0.0;611.5;0.0
1;30735.0;610.0;45.0;0.0;0.0;0.0;0.0;611;45;0.0;0.0;0.0;0.0;610.5;0.0
1;30736.0;610.0;42.0;0.0;0.0;0.0;0.0;611;42;0.0;0.0;0.0;0.0;610.5;0.0
1;30737.0;610.0;37.0;0.0;0.0;0.0;0.0;611;37;0.0;0.0;0.0;0.0;610.5;0.0
1;30738.0;611.0;39.0;0.0;0.0;0.0;0.0;613;39;0.0;0.0;0.0;0.0;612.0;0.0
1;30739.0;611.0;30.0;0.0;0.0;0.0;0.0;612;30;0.0;0.0;0.0;0.0;611.5;0.0
1;30740.0;613.0;42.0;0.0;0.0;0.0;0.0;614;42;0.0;0.0;0.0;0.0;613.5;0.0
1;30741.0;612.0;37.0;0.0;0.0;0.0;0.0;613;37;0.0;0.0;0.0;0.0;612.5;0.0
1;30742.0;610.0;35.0;0.0;0.0;0.0;0.0;611;35;0.0;0.0;0.0;0.0;610.5;0.0
1;30743.0;610.0;27.0;0.0;0.0;0.0;0.0;611;27;0.0;0.0;0.0;0.0;610.5;0.0
1;30744.0;612.0;38.0;0.0;0.0;0.0;0.0;613;38;0.0;0.0;0.0;0.0;612.5;0.0
1;30745.0;613.0;37.0;0.0;0.0;0.0;0.0;614;37;0.0;0.0;0.0;0.0;613.5;0.0
1;30746.0;615.0;29.0;0.0;0.0;0.0;0.0;616;29;0.0;0.0;0.0;0.0;615.5;0.0
1;30747.0;614.0;31.0;0.0;0.0;0.0;0.0;615;31;0.0;0.0;0.0;0.0;614.5;0.0
1;30748.0;615.0;41.0;0.0;0.0;0.0;0.0;616;41;0.0;0.0;0.0;0.0;615.5;0.0
1;30749.0;613.0;30.0;0.0;0.0;0.0;0.0;614;44;0.0;0.0;0.0;0.0;613.5;0.0
1;30750.0;613.0;58.0;0.0;0.0;0.0;0.0;614;45;0.0;0.0;0.0;0.0;613.5;0.0
1;30751.0;613.0;51.0;0.0;0.0;0.0;0.0;614;51;0.0;0.0;0.0;0.0;613.5;0.0
1;30752.0;613.0;41.0;0.0;0.0;0.0;0.0;615;41;0.0;0.0;0.0;0.0;614.0;0.0
1;30753.0;612.0;37.0;0.0;0.0;0.0;0.0;614;37;0.0;0.0;0.0;0.0;613.0;0.0
1;30754.0;613.0;32.0;0.0;0.0;0.0;0.0;614;32;0.0;0.0;0.0;0.0;613.5;0.0
1;30755.0;611.0;42.0;0.0;0.0;0.0;0.0;612;42;0.0;0.0;0.0;0.0;611.5;0.0
1;30756.0;610.0;50.0;0.0;0.0;0.0;0.0;611;32;0.0;0.0;0.0;0.0;610.5;0.0
1;30757.0;609.0;25.0;0.0;0.0;0.0;0.0;610;34;0.0;0.0;0.0;0.0;609.5;0.0
1;30758.0;607.0;44.0;0.0;0.0;0.0;0.0;608;44;0.0;0.0;0.0;0.0;607.5;0.0
1;30759.0;606.0;40.0;0.0;0.0;0.0;0.0;607;40;0.0;0.0;0.0;0.0;606.5;0.0
1;30760.0;606.0;33.0;0.0;0.0;0.0;0.0;607;33;0.0;0.0;0.0;0.0;606.5;0.0
1;30761.0;606.0;31.0;0.0;0.0;0.0;0.0;607;31;0.0;0.0;0.0;0.0;606.5;0.0
1;30762.0;607.0;29.0;0.0;0.0;0.0;0.0;608;29;0.0;0.0;0.0;0.0;607.5;0.0
1;30763.0;606.0;29.0;0.0;0.0;0.0;0.0;607;29;0.0;0.0;0.0;0.0;606.5;0.0
1;30764.0;606.0;41.0;0.0;0.0;0.0;0.0;607;41;0.0;0.0;0.0;0.0;606.5;0.0
1;30765.0;606.0;50.0;0.0;0.0;0.0;0.0;607;50;0.0;0.0;0.0;0.0;606.5;0.0
1;30766.0;607.0;44.0;0.0;0.0;0.0;0.0;608;44;0.0;0.0;0.0;0.0;607.5;0.0
1;30767.0;608.0;46.0;0.0;0.0;0.0;0.0;609;38;0.0;0.0;0.0;0.0;608.5;0.0
1;30768.0;609.0;44.0;0.0;0.0;0.0;0.0;610;44;0.0;0.0;0.0;0.0;609.5;0.0
1;30769.0;608.0;38.0;0.0;0.0;0.0;0.0;609;38;0.0;0.0;0.0;0.0;608.5;0.0
1;30770.0;606.0;49.0;0.0;0.0;0.0;0.0;607;49;0.0;0.0;0.0;0.0;606.5;0.0
1;30771.0;605.0;46.0;0.0;0.0;0.0;0.0;606;46;0.0;0.0;0.0;0.0;605.5;0.0
1;30772.0;605.0;46.0;0.0;0.0;0.0;0.0;606;30;0.0;0.0;0.0;0.0;605.5;0.0
1;30773.0;607.0;42.0;0.0;0.0;0.0;0.0;608;42;0.0;0.0;0.0;0.0;607.5;0.0
1;30774.0;605.0;36.0;0.0;0.0;0.0;0.0;606;36;0.0;0.0;0.0;0.0;605.5;0.0
1;30775.0;604.0;32.0;0.0;0.0;0.0;0.0;605;32;0.0;0.0;0.0;0.0;604.5;0.0
1;30776.0;604.0;47.0;0.0;0.0;0.0;0.0;605;47;0.0;0.0;0.0;0.0;604.5;0.0
1;30777.0;603.0;24.0;0.0;0.0;0.0;0.0;604;41;0.0;0.0;0.0;0.0;603.5;0.0
1;30778.0;603.0;44.0;0.0;0.0;0.0;0.0;604;44;0.0;0.0;0.0;0.0;603.5;0.0
1;30779.0;603.0;42.0;0.0;0.0;0.0;0.0;605;42;0.0;0.0;0.0;0.0;604.0;0.0
1;30780.0;602.0;27.0;0.0;0.0;0.0;0.0;604;27;0.0;0.0;0.0;0.0;603.0;0.0
1;30781.0;601.0;39.0;0.0;0.0;0.0;0.0;602;39;0.0;0.0;0.0;0.0;601.5;0.0
1;30782.0;600.0;34.0;0.0;0.0;0.0;0.0;601;34;0.0;0.0;0.0;0.0;600.5;0.0
1;30783.0;599.0;41.0;0.0;0.0;0.0;0.0;600;41;0.0;0.0;0.0;0.0;599.5;0.0
1;30784.0;599.0;33.0;0.0;0.0;0.0;0.0;601;33;0.0;0.0;0.0;0.0;600.0;0.0
1;30785.0;598.0;32.0;0.0;0.0;0.0;0.0;599;32;0.0;0.0;0.0;0.0;598.5;0.0
1;30786.0;598.0;24.0;0.0;0.0;0.0;0.0;599;37;0.0;0.0;0.0;0.0;598.5;0.0
1;30787.0;597.0;37.0;0.0;0.0;0.0;0.0;598;37;0.0;0.0;0.0;0.0;597.5;0.0
1;30788.0;597.0;37.0;0.0;0.0;0.0;0.0;598;37;0.0;0.0;0.0;0.0;597.5;0.0
1;30789.0;597.0;29.0;0.0;0.0;0.0;0.0;598;35;0.0;0.0;0.0;0.0;597.5;0.0
1;30790.0;596.0;46.0;0.0;0.0;0.0;0.0;597;46;0.0;0.0;0.0;0.0;596.5;0.0
1;30791.0;596.0;32.0;0.0;0.0;0.0;0.0;598;32;0.0;0.0;0.0;0.0;597.0;0.0
1;30792.0;597.0;41.0;0.0;0.0;0.0;0.0;598;41;0.0;0.0;0.0;0.0;597.5;0.0
1;30793.0;598.0;43.0;0.0;0.0;0.0;0.0;599;43;0.0;0.0;0.0;0.0;598.5;0.0
1;30794.0;597.0;39.0;0.0;0.0;0.0;0.0;598;39;0.0;0.0;0.0;0.0;597.5;0.0
1;30795.0;598.0;19.0;0.0;0.0;0.0;0.0;599;32;0.0;0.0;0.0;0.0;598.5;0.0
1;30796.0;598.0;41.0;0.0;0.0;0.0;0.0;599;41;0.0;0.0;0.0;0.0;598.5;0.0
1;30797.0;598.0;41.0;0.0;0.0;0.0;0.0;599;41;0.0;0.0;0.0;0.0;598.5;0.0
1;30798.0;599.0;43.0;0.0;0.0;0.0;0.0;600;43;0.0;0.0;0.0;0.0;599.5;0.0
1;30799.0;599.0;44.0;0.0;0.0;0.0;0.0;600;44;0.0;0.0;0.0;0.0;599.5;0.0
1;30800.0;602.0;39.0;0.0;0.0;0.0;0.0;603;39;0.0;0.0;0.0;0.0;602.5;0.0
1;30801.0;603.0;39.0;0.0;0.0;0.0;0.0;604;39;0.0;0.0;0.0;0.0;603.5;0.0
1;30802.0;606.0;44.0;0.0;0.0;0.0;0.0;607;44;0.0;0.0;0.0;0.0;606.5;0.0
1;30803.0;605.0;41.0;0.0;0.0;0.0;0.0;606;41;0.0;0.0;0.0;0.0;605.5;0.0
1;30804.0;606.0;43.0;0.0;0.0;0.0;0.0;607;43;0.0;0.0;0.0;0.0;606.5;0.0
1;30805.0;607.0;40.0;0.0;0.0;0.0;0.0;608;40;0.0;0.0;0.0;0.0;607.5;0.0
1;30806.0;606.0;37.0;0.0;0.0;0.0;0.0;607;37;0.0;0.0;0.0;0.0;606.5;0.0
1;30807.0;605.0;54.0;0.0;0.0;0.0;0.0;606;41;0.0;0.0;0.0;0.0;605.5;0.0
1;30808.0;605.0;47.0;0.0;0.0;0.0;0.0;606;47;0.0;0.0;0.0;0.0;605.5;0.0
1;30809.0;605.0;33.0;0.0;0.0;0.0;0.0;606;33;0.0;0.0;0.0;0.0;605.5;0.0
1;30810.0;607.0;34.0;0.0;0.0;0.0;0.0;608;34;0.0;0.0;0.0;0.0;607.5;0.0
1;30811.0;608.0;44.0;0.0;0.0;0.0;0.0;609;44;0.0;0.0;0.0;0.0;608.5;0.0
1;30812.0;606.0;35.0;0.0;0.0;0.0;0.0;608;35;0.0;0.0;0.0;0.0;607.0;0.0
1;30813.0;606.0;43.0;0.0;0.0;0.0;0.0;607;43;0.0;0.0;0.0;0.0;606.5;0.0
1;30814.0;604.0;39.0;0.0;0.0;0.0;0.0;606;39;0.0;0.0;0.0;0.0;605.0;0.0
1;30815.0;607.0;1.0;606.0;28.0;0.0;0.0;608;29;0.0;0.0;0.0;0.0;607.5;0.0
1;30816.0;608.0;35.0;0.0;0.0;0.0;0.0;609;35;0.0;0.0;0.0;0.0;608.5;0.0
1;30817.0;607.0;38.0;0.0;0.0;0.0;0.0;608;38;0.0;0.0;0.0;0.0;607.5;0.0
1;30818.0;606.0;46.0;0.0;0.0;0.0;0.0;608;46;0.0;0.0;0.0;0.0;607.0;0.0
1;30819.0;607.0;40.0;0.0;0.0;0.0;0.0;608;40;0.0;0.0;0.0;0.0;607.5;0.0
1;30820.0;607.0;36.0;0.0;0.0;0.0;0.0;608;36;0.0;0.0;0.0;0.0;607.5;0.0
1;30821.0;607.0;35.0;0.0;0.0;0.0;0.0;608;35;0.0;0.0;0.0;0.0;607.5;0.0
1;30822.0;606.0;42.0;0.0;0.0;0.0;0.0;607;42;0.0;0.0;0.0;0.0;606.5;0.0
1;30823.0;605.0;36.0;0.0;0.0;0.0;0.0;607;36;0.0;0.0;0.0;0.0;606.0;0.0
1;30824.0;605.0;44.0;0.0;0.0;0.0;0.0;606;44;0.0;0.0;0.0;0.0;605.5;0.0
1;30825.0;605.0;42.0;0.0;0.0;0.0;0.0;607;42;0.0;0.0;0.0;0.0;606.0;0.0
1;30826.0;604.0;35.0;0.0;0.0;0.0;0.0;605;35;0.0;0.0;0.0;0.0;604.5;0.0
1;30827.0;603.0;38.0;0.0;0.0;0.0;0.0;604;38;0.0;0.0;0.0;0.0;603.5;0.0
1;30828.0;605.0;42.0;0.0;0.0;0.0;0.0;606;42;0.0;0.0;0.0;0.0;605.5;0.0
1;30829.0;606.0;36.0;0.0;0.0;0.0;0.0;607;36;0.0;0.0;0.0;0.0;606.5;0.0
1;30830.0;607.0;46.0;0.0;0.0;0.0;0.0;608;46;0.0;0.0;0.0;0.0;607.5;0.0
1;30831.0;607.0;46.0;0.0;0.0;0.0;0.0;608;46;0.0;0.0;0.0;0.0;607.5;0.0
1;30832.0;607.0;48.0;0.0;0.0;0.0;0.0;608;48;0.0;0.0;0.0;0.0;607.5;0.0
1;30833.0;605.0;17.0;0.0;0.0;0.0;0.0;606;34;0.0;0.0;0.0;0.0;605.5;0.0
1;30834.0;607.0;8.0;606.0;25.0;0.0;0.0;608;45;0.0;0.0;0.0;0.0;607.5;0.0
1;30835.0;609.0;18.0;608.0;30.0;0.0;0.0;610;43;0.0;0.0;0.0;0.0;609.5;0.0
1;30836.0;610.0;28.0;0.0;0.0;0.0;0.0;611;28;0.0;0.0;0.0;0.0;610.5;0.0
1;30837.0;609.0;44.0;0.0;0.0;0.0;0.0;610;44;0.0;0.0;0.0;0.0;609.5;0.0
1;30838.0;609.0;45.0;0.0;0.0;0.0;0.0;611;34;0.0;0.0;0.0;0.0;610.0;0.0
1;30839.0;608.0;28.0;0.0;0.0;0.0;0.0;609;28;0.0;0.0;0.0;0.0;608.5;0.0
1;30840.0;608.0;10.0;607.0;31.0;0.0;0.0;609;31;0.0;0.0;0.0;0.0;608.5;0.0
1;30841.0;608.0;52.0;0.0;0.0;0.0;0.0;609;34;0.0;0.0;0.0;0.0;608.5;0.0
1;30842.0;606.0;43.0;0.0;0.0;0.0;0.0;607;43;0.0;0.0;0.0;0.0;606.5;0.0
1;30843.0;607.0;37.0;0.0;0.0;0.0;0.0;608;37;0.0;0.0;0.0;0.0;607.5;0.0
1;30844.0;608.0;51.0;0.0;0.0;0.0;0.0;609;37;0.0;0.0;0.0;0.0;608.5;0.0
1;30845.0;607.0;38.0;0.0;0.0;0.0;0.0;608;38;0.0;0.0;0.0;0.0;607.5;0.0
1;30846.0;608.0;48.0;0.0;0.0;0.0;0.0;609;48;0.0;0.0;0.0;0.0;608.5;0.0
1;30847.0;608.0;37.0;0.0;0.0;0.0;0.0;609;37;0.0;0.0;0.0;0.0;608.5;0.0
1;30848.0;608.0;42.0;0.0;0.0;0.0;0.0;609;30;0.0;0.0;0.0;0.0;608.5;0.0
1;30849.0;606.0;36.0;0.0;0.0;0.0;0.0;608;36;0.0;0.0;0.0;0.0;607.0;0.0
1;30850.0;606.0;54.0;0.0;0.0;0.0;0.0;607;42;0.0;0.0;0.0;0.0;606.5;0.0
1;30851.0;606.0;36.0;0.0;0.0;0.0;0.0;607;36;0.0;0.0;0.0;0.0;606.5;0.0
1;30852.0;604.0;26.0;0.0;0.0;0.0;0.0;605;26;0.0;0.0;0.0;0.0;604.5;0.0
1;30853.0;602.0;38.0;0.0;0.0;0.0;0.0;603;38;0.0;0.0;0.0;0.0;602.5;0.0
1;30854.0;601.0;32.0;0.0;0.0;0.0;0.0;602;32;0.0;0.0;0.0;0.0;601.5;0.0
1;30855.0;602.0;28.0;0.0;0.0;0.0;0.0;603;28;0.0;0.0;0.0;0.0;602.5;0.0
1;30856.0;602.0;40.0;0.0;0.0;0.0;0.0;603;40;0.0;0.0;0.0;0.0;602.5;0.0
1;30857.0;602.0;39.0;0.0;0.0;0.0;0.0;604;39;0.0;0.0;0.0;0.0;603.0;0.0
1;30858.0;603.0;35.0;0.0;0.0;0.0;0.0;604;35;0.0;0.0;0.0;0.0;603.5;0.0
1;30859.0;604.0;45.0;0.0;0.0;0.0;0.0;605;45;0.0;0.0;0.0;0.0;604.5;0.0
1;30860.0;603.0;30.0;0.0;0.0;0.0;0.0;604;30;0.0;0.0;0.0;0.0;603.5;0.0
1;30861.0;603.0;34.0;0.0;0.0;0.0;0.0;604;34;0.0;0.0;0.0;0.0;603.5;0.0
1;30862.0;603.0;42.0;0.0;0.0;0.0;0.0;604;42;0.0;0.0;0.0;0.0;603.5;0.0
1;30863.0;604.0;36.0;0.0;0.0;0.0;0.0;606;36;0.0;0.0;0.0;0.0;605.0;0.0
1;30864.0;603.0;37.0;0.0;0.0;0.0;0.0;604;37;0.0;0.0;0.0;0.0;603.5;0.0
1;30865.0;602.0;41.0;0.0;0.0;0.0;0.0;603;41;0.0;0.0;0.0;0.0;602.5;0.0
1;30866.0;601.0;37.0;0.0;0.0;0.0;0.0;603;37;0.0;0.0;0.0;0.0;602.0;0.0
1;30867.0;600.0;40.0;0.0;0.0;0.0;0.0;601;40;0.0;0.0;0.0;0.0;600.5;0.0
1;30868.0;601.0;36.0;0.0;0.0;0.0;0.0;602;36;0.0;0.0;0.0;0.0;601.5;0.0
1;30869.0;599.0;41.0;0.0;0.0;0.0;0.0;600;41;0.0;0.0;0.0;0.0;599.5;0.0
1;30870.0;599.0;43.0;0.0;0.0;0.0;0.0;600;43;0.0;0.0;0.0;0.0;599.5;0.0
1;30871.0;599.0;44.0;0.0;0.0;0.0;0.0;600;44;0.0;0.0;0.0;0.0;599.5;0.0
1;30872.0;597.0;37.0;0.0;0.0;0.0;0.0;598;37;0.0;0.0;0.0;0.0;597.5;0.0
1;30873.0;599.0;36.0;0.0;0.0;0.0;0.0;600;36;0.0;0.0;0.0;0.0;599.5;0.0
1;30874.0;599.0;30.0;0.0;0.0;0.0;0.0;600;41;0.0;0.0;0.0;0.0;599.5;0.0
1;30875.0;599.0;11.0;598.0;26.0;0.0;0.0;600;37;0.0;0.0;0.0;0.0;599.5;0.0
1;30876.0;599.0;53.0;0.0;0.0;0.0;0.0;600;36;0.0;0.0;0.0;0.0;599.5;0.0
1;30877.0;596.0;41.0;0.0;0.0;0.0;0.0;598;41;0.0;0.0;0.0;0.0;597.0;0.0
1;30878.0;598.0;40.0;0.0;0.0;0.0;0.0;600;40;0.0;0.0;0.0;0.0;599.0;0.0
1;30879.0;597.0;42.0;0.0;0.0;0.0;0.0;598;42;0.0;0.0;0.0;0.0;597.5;0.0
1;30880.0;596.0;44.0;0.0;0.0;0.0;0.0;597;44;0.0;0.0;0.0;0.0;596.5;0.0
1;30881.0;595.0;62.0;0.0;0.0;0.0;0.0;596;43;0.0;0.0;0.0;0.0;595.5;0.0
1;30882.0;595.0;36.0;0.0;0.0;0.0;0.0;596;36;0.0;0.0;0.0;0.0;595.5;0.0
1;30883.0;594.0;45.0;0.0;0.0;0.0;0.0;595;45;0.0;0.0;0.0;0.0;594.5;0.0
1;30884.0;594.0;21.0;0.0;0.0;0.0;0.0;595;29;0.0;0.0;0.0;0.0;594.5;0.0
1;30885.0;594.0;44.0;0.0;0.0;0.0;0.0;595;44;0.0;0.0;0.0;0.0;594.5;0.0
1;30886.0;593.0;28.0;0.0;0.0;0.0;0.0;594;48;0.0;0.0;0.0;0.0;593.5;0.0
1;30887.0;593.0;43.0;0.0;0.0;0.0;0.0;594;36;0.0;0.0;0.0;0.0;593.5;0.0
1;30888.0;594.0;41.0;0.0;0.0;0.0;0.0;595;41;0.0;0.0;0.0;0.0;594.5;0.0
1;30889.0;593.0;43.0;0.0;0.0;0.0;0.0;594;2;595.0;41.0;0.0;0.0;593.5;0.0
1;30890.0;593.0;43.0;0.0;0.0;0.0;0.0;594;43;0.0;0.0;0.0;0.0;593.5;0.0
1;30891.0;592.0;40.0;0.0;0.0;0.0;0.0;593;40;0.0;0.0;0.0;0.0;592.5;0.0
1;30892.0;591.0;40.0;0.0;0.0;0.0;0.0;592;40;0.0;0.0;0.0;0.0;591.5;0.0
1;30893.0;589.0;24.0;0.0;0.0;0.0;0.0;590;40;0.0;0.0;0.0;0.0;589.5;0.0
1;30894.0;588.0;44.0;0.0;0.0;0.0;0.0;589;44;0.0;0.0;0.0;0.0;588.5;0.0
1;30895.0;588.0;43.0;0.0;0.0;0.0;0.0;589;43;0.0;0.0;0.0;0.0;588.5;0.0
1;30896.0;589.0;43.0;0.0;0.0;0.0;0.0;590;43;0.0;0.0;0.0;0.0;589.5;0.0
1;30897.0;588.0;44.0;0.0;0.0;0.0;0.0;589;44;0.0;0.0;0.0;0.0;588.5;0.0
1;30898.0;588.0;42.0;0.0;0.0;0.0;0.0;589;42;0.0;0.0;0.0;0.0;588.5;0.0
1;30899.0;589.0;47.0;0.0;0.0;0.0;0.0;590;47;0.0;0.0;0.0;0.0;589.5;0.0
1;30900.0;588.0;40.0;0.0;0.0;0.0;0.0;589;40;0.0;0.0;0.0;0.0;588.5;0.0
1;30901.0;588.0;34.0;0.0;0.0;0.0;0.0;589;34;0.0;0.0;0.0;0.0;588.5;0.0
1;30902.0;588.0;42.0;0.0;0.0;0.0;0.0;589;42;0.0;0.0;0.0;0.0;588.5;0.0
1;30903.0;588.0;37.0;0.0;0.0;0.0;0.0;589;37;0.0;0.0;0.0;0.0;588.5;0.0
1;30904.0;587.0;39.0;0.0;0.0;0.0;0.0;588;39;0.0;0.0;0.0;0.0;587.5;0.0
1;30905.0;588.0;35.0;0.0;0.0;0.0;0.0;589;35;0.0;0.0;0.0;0.0;588.5;0.0
1;30906.0;587.0;40.0;0.0;0.0;0.0;0.0;589;40;0.0;0.0;0.0;0.0;588.0;0.0
1;30907.0;589.0;41.0;0.0;0.0;0.0;0.0;590;41;0.0;0.0;0.0;0.0;589.5;0.0
1;30908.0;589.0;36.0;0.0;0.0;0.0;0.0;590;36;0.0;0.0;0.0;0.0;589.5;0.0
1;30909.0;588.0;41.0;0.0;0.0;0.0;0.0;589;41;0.0;0.0;0.0;0.0;588.5;0.0
1;30910.0;588.0;26.0;0.0;0.0;0.0;0.0;589;26;0.0;0.0;0.0;0.0;588.5;0.0
1;30911.0;590.0;50.0;0.0;0.0;0.0;0.0;591;50;0.0;0.0;0.0;0.0;590.5;0.0
1;30912.0;588.0;50.0;0.0;0.0;0.0;0.0;590;50;0.0;0.0;0.0;0.0;589.0;0.0
1;30913.0;588.0;58.0;0.0;0.0;0.0;0.0;589;43;0.0;0.0;0.0;0.0;588.5;0.0
1;30914.0;587.0;5.0;586.0;45.0;0.0;0.0;588;45;0.0;0.0;0.0;0.0;587.5;0.0
1;30915.0;587.0;39.0;0.0;0.0;0.0;0.0;588;39;0.0;0.0;0.0;0.0;587.5;0.0
1;30916.0;587.0;11.0;586.0;18.0;0.0;0.0;588;29;0.0;0.0;0.0;0.0;587.5;0.0
1;30917.0;586.0;46.0;0.0;0.0;0.0;0.0;587;46;0.0;0.0;0.0;0.0;586.5;0.0
1;30918.0;587.0;32.0;0.0;0.0;0.0;0.0;589;32;0.0;0.0;0.0;0.0;588.0;0.0
1;30919.0;589.0;31.0;0.0;0.0;0.0;0.0;590;31;0.0;0.0;0.0;0.0;589.5;0.0
1;30920.0;590.0;41.0;0.0;0.0;0.0;0.0;592;41;0.0;0.0;0.0;0.0;591.0;0.0
1;30921.0;590.0;30.0;0.0;0.0;0.0;0.0;591;30;0.0;0.0;0.0;0.0;590.5;0.0
1;30922.0;591.0;41.0;0.0;0.0;0.0;0.0;592;41;0.0;0.0;0.0;0.0;591.5;0.0
1;30923.0;591.0;39.0;0.0;0.0;0.0;0.0;592;35;0.0;0.0;0.0;0.0;591.5;0.0
1;30924.0;589.0;44.0;0.0;0.0;0.0;0.0;590;44;0.0;0.0;0.0;0.0;589.5;0.0
1;30925.0;587.0;30.0;0.0;0.0;0.0;0.0;588;30;0.0;0.0;0.0;0.0;587.5;0.0
1;30926.0;586.0;48.0;0.0;0.0;0.0;0.0;587;48;0.0;0.0;0.0;0.0;586.5;0.0
1;30927.0;586.0;34.0;0.0;0.0;0.0;0.0;587;34;0.0;0.0;0.0;0.0;586.5;0.0
1;30928.0;587.0;48.0;0.0;0.0;0.0;0.0;588;39;0.0;0.0;0.0;0.0;587.5;0.0
1;30929.0;586.0;38.0;0.0;0.0;0.0;0.0;587;38;0.0;0.0;0.0;0.0;586.5;0.0
1;30930.0;586.0;32.0;0.0;0.0;0.0;0.0;587;32;0.0;0.0;0.0;0.0;586.5;0.0
1;30931.0;586.0;32.0;0.0;0.0;0.0;0.0;587;32;0.0;0.0;0.0;0.0;586.5;0.0
1;30932.0;586.0;38.0;0.0;0.0;0.0;0.0;587;38;0.0;0.0;0.0;0.0;586.5;0.0
1;30933.0;586.0;39.0;0.0;0.0;0.0;0.0;587;39;0.0;0.0;0.0;0.0;586.5;0.0
1;30934.0;588.0;28.0;0.0;0.0;0.0;0.0;589;28;0.0;0.0;0.0;0.0;588.5;0.0
1;30935.0;586.0;37.0;0.0;0.0;0.0;0.0;587;37;0.0;0.0;0.0;0.0;586.5;0.0
1;30936.0;586.0;35.0;0.0;0.0;0.0;0.0;587;35;0.0;0.0;0.0;0.0;586.5;0.0
1;30937.0;585.0;35.0;0.0;0.0;0.0;0.0;586;35;0.0;0.0;0.0;0.0;585.5;0.0
1;30938.0;586.0;43.0;0.0;0.0;0.0;0.0;587;43;0.0;0.0;0.0;0.0;586.5;0.0
1;30939.0;587.0;38.0;0.0;0.0;0.0;0.0;588;38;0.0;0.0;0.0;0.0;587.5;0.0
1;30940.0;586.0;44.0;0.0;0.0;0.0;0.0;587;44;0.0;0.0;0.0;0.0;586.5;0.0
1;30941.0;585.0;30.0;0.0;0.0;0.0;0.0;586;30;0.0;0.0;0.0;0.0;585.5;0.0
1;30942.0;585.0;38.0;0.0;0.0;0.0;0.0;586;38;0.0;0.0;0.0;0.0;585.5;0.0
1;30943.0;585.0;36.0;0.0;0.0;0.0;0.0;586;36;0.0;0.0;0.0;0.0;585.5;0.0
1;30944.0;586.0;49.0;0.0;0.0;0.0;0.0;587;49;0.0;0.0;0.0;0.0;586.5;0.0
1;30945.0;586.0;34.0;0.0;0.0;0.0;0.0;587;34;0.0;0.0;0.0;0.0;586.5;0.0
1;30946.0;587.0;27.0;0.0;0.0;0.0;0.0;588;38;0.0;0.0;0.0;0.0;587.5;0.0
1;30947.0;587.0;17.0;0.0;0.0;0.0;0.0;588;33;0.0;0.0;0.0;0.0;587.5;0.0
1;30948.0;588.0;42.0;0.0;0.0;0.0;0.0;589;42;0.0;0.0;0.0;0.0;588.5;0.0
1;30949.0;588.0;40.0;0.0;0.0;0.0;0.0;589;40;0.0;0.0;0.0;0.0;588.5;0.0
1;30950.0;587.0;41.0;0.0;0.0;0.0;0.0;588;41;0.0;0.0;0.0;0.0;587.5;0.0
1;30951.0;587.0;44.0;0.0;0.0;0.0;0.0;588;44;0.0;0.0;0.0;0.0;587.5;0.0
1;30952.0;586.0;33.0;0.0;0.0;0.0;0.0;587;33;0.0;0.0;0.0;0.0;586.5;0.0
1;30953.0;586.0;42.0;0.0;0.0;0.0;0.0;587;42;0.0;0.0;0.0;0.0;586.5;0.0
1;30954.0;586.0;44.0;0.0;0.0;0.0;0.0;587;44;0.0;0.0;0.0;0.0;586.5;0.0
1;30955.0;586.0;42.0;0.0;0.0;0.0;0.0;587;42;0.0;0.0;0.0;0.0;586.5;0.0
1;30956.0;585.0;47.0;0.0;0.0;0.0;0.0;586;47;0.0;0.0;0.0;0.0;585.5;0.0
1;30957.0;585.0;44.0;0.0;0.0;0.0;0.0;586;44;0.0;0.0;0.0;0.0;585.5;0.0
1;30958.0;585.0;40.0;0.0;0.0;0.0;0.0;587;40;0.0;0.0;0.0;0.0;586.0;0.0
1;30959.0;586.0;51.0;0.0;0.0;0.0;0.0;587;51;0.0;0.0;0.0;0.0;586.5;0.0
1;30960.0;586.0;47.0;0.0;0.0;0.0;0.0;587;47;0.0;0.0;0.0;0.0;586.5;0.0
1;30961.0;587.0;44.0;0.0;0.0;0.0;0.0;588;44;0.0;0.0;0.0;0.0;587.5;0.0
1;30962.0;588.0;43.0;0.0;0.0;0.0;0.0;589;43;0.0;0.0;0.0;0.0;588.5;0.0
1;30963.0;589.0;34.0;0.0;0.0;0.0;0.0;590;34;0.0;0.0;0.0;0.0;589.5;0.0
1;30964.0;588.0;22.0;0.0;0.0;0.0;0.0;589;34;0.0;0.0;0.0;0.0;588.5;0.0
1;30965.0;590.0;32.0;0.0;0.0;0.0;0.0;591;32;0.0;0.0;0.0;0.0;590.5;0.0
1;30966.0;593.0;42.0;0.0;0.0;0.0;0.0;594;42;0.0;0.0;0.0;0.0;593.5;0.0
1;30967.0;592.0;48.0;0.0;0.0;0.0;0.0;593;48;0.0;0.0;0.0;0.0;592.5;0.0
1;30968.0;593.0;38.0;0.0;0.0;0.0;0.0;595;38;0.0;0.0;0.0;0.0;594.0;0.0
1;30969.0;592.0;45.0;0.0;0.0;0.0;0.0;593;45;0.0;0.0;0.0;0.0;592.5;0.0
1;30970.0;593.0;28.0;0.0;0.0;0.0;0.0;595;28;0.0;0.0;0.0;0.0;594.0;0.0
1;30971.0;592.0;19.0;0.0;0.0;0.0;0.0;593;36;0.0;0.0;0.0;0.0;592.5;0.0
1;30972.0;592.0;36.0;0.0;0.0;0.0;0.0;593;36;0.0;0.0;0.0;0.0;592.5;0.0
1;30973.0;592.0;28.0;0.0;0.0;0.0;0.0;593;28;0.0;0.0;0.0;0.0;592.5;0.0
1;30974.0;591.0;28.0;0.0;0.0;0.0;0.0;592;28;0.0;0.0;0.0;0.0;591.5;0.0
1;30975.0;592.0;41.0;0.0;0.0;0.0;0.0;593;41;0.0;0.0;0.0;0.0;592.5;0.0
1;30976.0;591.0;38.0;0.0;0.0;0.0;0.0;592;38;0.0;0.0;0.0;0.0;591.5;0.0
1;30977.0;590.0;42.0;0.0;0.0;0.0;0.0;591;42;0.0;0.0;0.0;0.0;590.5;0.0
1;30978.0;590.0;37.0;0.0;0.0;0.0;0.0;591;37;0.0;0.0;0.0;0.0;590.5;0.0
1;30979.0;589.0;41.0;0.0;0.0;0.0;0.0;590;41;0.0;0.0;0.0;0.0;589.5;0.0
1;30980.0;587.0;16.0;0.0;0.0;0.0;0.0;588;30;0.0;0.0;0.0;0.0;587.5;0.0
1;30981.0;588.0;43.0;0.0;0.0;0.0;0.0;589;43;0.0;0.0;0.0;0.0;588.5;0.0
1;30982.0;588.0;46.0;0.0;0.0;0.0;0.0;589;31;0.0;0.0;0.0;0.0;588.5;0.0
1;30983.0;588.0;32.0;0.0;0.0;0.0;0.0;589;32;0.0;0.0;0.0;0.0;588.5;0.0
1;30984.0;589.0;36.0;0.0;0.0;0.0;0.0;590;36;0.0;0.0;0.0;0.0;589.5;0.0
1;30985.0;589.0;43.0;0.0;0.0;0.0;0.0;590;43;0.0;0.0;0.0;0.0;589.5;0.0
1;30986.0;588.0;37.0;0.0;0.0;0.0;0.0;589;37;0.0;0.0;0.0;0.0;588.5;0.0
1;30987.0;588.0;46.0;0.0;0.0;0.0;0.0;589;46;0.0;0.0;0.0;0.0;588.5;0.0
1;30988.0;588.0;54.0;0.0;0.0;0.0;0.0;589;44;0.0;0.0;0.0;0.0;588.5;0.0
1;30989.0;587.0;47.0;0.0;0.0;0.0;0.0;588;47;0.0;0.0;0.0;0.0;587.5;0.0
1;30990.0;587.0;40.0;0.0;0.0;0.0;0.0;589;40;0.0;0.0;0.0;0.0;588.0;0.0
1;30991.0;588.0;44.0;0.0;0.0;0.0;0.0;589;44;0.0;0.0;0.0;0.0;588.5;0.0
1;30992.0;587.0;39.0;0.0;0.0;0.0;0.0;588;39;0.0;0.0;0.0;0.0;587.5;0.0
1;30993.0;588.0;40.0;0.0;0.0;0.0;0.0;590;40;0.0;0.0;0.0;0.0;589.0;0.0
1;30994.0;588.0;33.0;0.0;0.0;0.0;0.0;589;33;0.0;0.0;0.0;0.0;588.5;0.0
1;30995.0;591.0;49.0;0.0;0.0;0.0;0.0;592;49;0.0;0.0;0.0;0.0;591.5;0.0
1;30996.0;593.0;46.0;0.0;0.0;0.0;0.0;594;36;0.0;0.0;0.0;0.0;593.5;0.0
1;30997.0;594.0;31.0;0.0;0.0;0.0;0.0;595;34;0.0;0.0;0.0;0.0;594.5;0.0
1;30998.0;592.0;21.0;0.0;0.0;0.0;0.0;593;41;0.0;0.0;0.0;0.0;592.5;0.0
1;30999.0;594.0;39.0;0.0;0.0;0.0;0.0;595;39;0.0;0.0;0.0;0.0;594.5;0.0
1;31000.0;596.0;39.0;0.0;0.0;0.0;0.0;597;39;0.0;0.0;0.0;0.0;596.5;0.0
1;31001.0;596.0;21.0;595.0;28.0;0.0;0.0;597;42;0.0;0.0;0.0;0.0;596.5;0.0
1;31002.0;595.0;40.0;0.0;0.0;0.0;0.0;596;40;0.0;0.0;0.0;0.0;595.5;0.0
1;31003.0;596.0;55.0;0.0;0.0;0.0;0.0;597;45;0.0;0.0;0.0;0.0;596.5;0.0
1;31004.0;596.0;49.0;0.0;0.0;0.0;0.0;597;49;0.0;0.0;0.0;0.0;596.5;0.0
1;31005.0;596.0;26.0;0.0;0.0;0.0;0.0;597;26;0.0;0.0;0.0;0.0;596.5;0.0
1;31006.0;598.0;42.0;0.0;0.0;0.0;0.0;599;42;0.0;0.0;0.0;0.0;598.5;0.0
1;31007.0;598.0;39.0;0.0;0.0;0.0;0.0;599;39;0.0;0.0;0.0;0.0;598.5;0.0
1;31008.0;597.0;39.0;0.0;0.0;0.0;0.0;599;39;0.0;0.0;0.0;0.0;598.0;0.0
1;31009.0;598.0;39.0;0.0;0.0;0.0;0.0;599;39;0.0;0.0;0.0;0.0;598.5;0.0
1;31010.0;597.0;35.0;0.0;0.0;0.0;0.0;598;35;0.0;0.0;0.0;0.0;597.5;0.0
1;31011.0;597.0;43.0;0.0;0.0;0.0;0.0;598;43;0.0;0.0;0.0;0.0;597.5;0.0
1;31012.0;598.0;40.0;0.0;0.0;0.0;0.0;599;40;0.0;0.0;0.0;0.0;598.5;0.0
1;31013.0;599.0;34.0;0.0;0.0;0.0;0.0;600;34;0.0;0.0;0.0;0.0;599.5;0.0
1;31014.0;600.0;16.0;0.0;0.0;0.0;0.0;601;30;0.0;0.0;0.0;0.0;600.5;0.0
1;31015.0;601.0;47.0;0.0;0.0;0.0;0.0;602;47;0.0;0.0;0.0;0.0;601.5;0.0
1;31016.0;602.0;21.0;0.0;0.0;0.0;0.0;603;31;0.0;0.0;0.0;0.0;602.5;0.0
1;31017.0;600.0;38.0;0.0;0.0;0.0;0.0;601;38;0.0;0.0;0.0;0.0;600.5;0.0
1;31018.0;600.0;38.0;0.0;0.0;0.0;0.0;601;38;0.0;0.0;0.0;0.0;600.5;0.0
1;31019.0;599.0;41.0;0.0;0.0;0.0;0.0;600;41;0.0;0.0;0.0;0.0;599.5;0.0
1;31020.0;600.0;37.0;0.0;0.0;0.0;0.0;601;37;0.0;0.0;0.0;0.0;600.5;0.0
1;31021.0;601.0;31.0;0.0;0.0;0.0;0.0;602;31;0.0;0.0;0.0;0.0;601.5;0.0
1;31022.0;602.0;39.0;0.0;0.0;0.0;0.0;603;39;0.0;0.0;0.0;0.0;602.5;0.0
1;31023.0;601.0;37.0;0.0;0.0;0.0;0.0;602;37;0.0;0.0;0.0;0.0;601.5;0.0
1;31024.0;601.0;39.0;0.0;0.0;0.0;0.0;602;39;0.0;0.0;0.0;0.0;601.5;0.0
1;31025.0;601.0;17.0;0.0;0.0;0.0;0.0;602;29;0.0;0.0;0.0;0.0;601.5;0.0
1;31026.0;602.0;38.0;0.0;0.0;0.0;0.0;603;38;0.0;0.0;0.0;0.0;602.5;0.0
1;31027.0;598.0;41.0;0.0;0.0;0.0;0.0;600;41;0.0;0.0;0.0;0.0;599.0;0.0
1;31028.0;599.0;30.0;0.0;0.0;0.0;0.0;600;30;0.0;0.0;0.0;0.0;599.5;0.0
1;31029.0;599.0;41.0;0.0;0.0;0.0;0.0;600;41;0.0;0.0;0.0;0.0;599.5;0.0
1;31030.0;599.0;48.0;0.0;0.0;0.0;0.0;600;34;0.0;0.0;0.0;0.0;599.5;0.0
1;31031.0;600.0;46.0;0.0;0.0;0.0;0.0;601;46;0.0;0.0;0.0;0.0;600.5;0.0
1;31032.0;601.0;63.0;0.0;0.0;0.0;0.0;602;47;0.0;0.0;0.0;0.0;601.5;0.0
1;31033.0;602.0;31.0;0.0;0.0;0.0;0.0;603;31;0.0;0.0;0.0;0.0;602.5;0.0
1;31034.0;604.0;45.0;0.0;0.0;0.0;0.0;605;45;0.0;0.0;0.0;0.0;604.5;0.0
1;31035.0;603.0;35.0;0.0;0.0;0.0;0.0;604;46;0.0;0.0;0.0;0.0;603.5;0.0
1;31036.0;602.0;37.0;0.0;0.0;0.0;0.0;603;37;0.0;0.0;0.0;0.0;602.5;0.0
1;31037.0;601.0;32.0;0.0;0.0;0.0;0.0;602;45;0.0;0.0;0.0;0.0;601.5;0.0
1;31038.0;600.0;35.0;0.0;0.0;0.0;0.0;601;35;0.0;0.0;0.0;0.0;600.5;0.0
1;31039.0;601.0;40.0;0.0;0.0;0.0;0.0;602;40;0.0;0.0;0.0;0.0;601.5;0.0
1;31040.0;601.0;33.0;0.0;0.0;0.0;0.0;602;33;0.0;0.0;0.0;0.0;601.5;0.0
1;31041.0;602.0;43.0;0.0;0.0;0.0;0.0;603;43;0.0;0.0;0.0;0.0;602.5;0.0
1;31042.0;603.0;43.0;0.0;0.0;0.0;0.0;604;43;0.0;0.0;0.0;0.0;603.5;0.0
1;31043.0;605.0;43.0;0.0;0.0;0.0;0.0;606;43;0.0;0.0;0.0;0.0;605.5;0.0
1;31044.0;605.0;40.0;0.0;0.0;0.0;0.0;606;40;0.0;0.0;0.0;0.0;605.5;0.0
1;31045.0;606.0;36.0;0.0;0.0;0.0;0.0;607;36;0.0;0.0;0.0;0.0;606.5;0.0
1;31046.0;606.0;43.0;0.0;0.0;0.0;0.0;607;43;0.0;0.0;0.0;0.0;606.5;0.0
1;31047.0;607.0;33.0;0.0;0.0;0.0;0.0;608;33;0.0;0.0;0.0;0.0;607.5;0.0
1;31048.0;608.0;28.0;0.0;0.0;0.0;0.0;609;28;0.0;0.0;0.0;0.0;608.5;0.0
1;31049.0;608.0;34.0;0.0;0.0;0.0;0.0;609;34;0.0;0.0;0.0;0.0;608.5;0.0
1;31050.0;609.0;26.0;0.0;0.0;0.0;0.0;610;26;0.0;0.0;0.0;0.0;609.5;0.0
1;31051.0;611.0;50.0;0.0;0.0;0.0;0.0;612;50;0.0;0.0;0.0;0.0;611.5;0.0
1;31052.0;611.0;57.0;0.0;0.0;0.0;0.0;612;37;0.0;0.0;0.0;0.0;611.5;0.0
1;31053.0;611.0;34.0;0.0;0.0;0.0;0.0;612;34;0.0;0.0;0.0;0.0;611.5;0.0
1;31054.0;612.0;41.0;0.0;0.0;0.0;0.0;613;41;0.0;0.0;0.0;0.0;612.5;0.0
1;31055.0;612.0;42.0;0.0;0.0;0.0;0.0;613;42;0.0;0.0;0.0;0.0;612.5;0.0
1;31056.0;613.0;40.0;0.0;0.0;0.0;0.0;614;40;0.0;0.0;0.0;0.0;613.5;0.0
1;31057.0;613.0;43.0;0.0;0.0;0.0;0.0;614;39;0.0;0.0;0.0;0.0;613.5;0.0
1;31058.0;613.0;31.0;0.0;0.0;0.0;0.0;614;31;0.0;0.0;0.0;0.0;613.5;0.0
1;31059.0;613.0;42.0;0.0;0.0;0.0;0.0;614;35;0.0;0.0;0.0;0.0;613.5;0.0
1;31060.0;613.0;32.0;0.0;0.0;0.0;0.0;614;32;0.0;0.0;0.0;0.0;613.5;0.0
1;31061.0;611.0;48.0;0.0;0.0;0.0;0.0;612;48;0.0;0.0;0.0;0.0;611.5;0.0
1;31062.0;611.0;42.0;0.0;0.0;0.0;0.0;612;42;0.0;0.0;0.0;0.0;611.5;0.0
1;31063.0;610.0;43.0;0.0;0.0;0.0;0.0;611;43;0.0;0.0;0.0;0.0;610.5;0.0
1;31064.0;609.0;45.0;0.0;0.0;0.0;0.0;610;45;0.0;0.0;0.0;0.0;609.5;0.0
1;31065.0;606.0;41.0;0.0;0.0;0.0;0.0;607;41;0.0;0.0;0.0;0.0;606.5;0.0
1;31066.0;607.0;38.0;0.0;0.0;0.0;0.0;608;38;0.0;0.0;0.0;0.0;607.5;0.0
1;31067.0;608.0;34.0;0.0;0.0;0.0;0.0;609;34;0.0;0.0;0.0;0.0;608.5;0.0
1;31068.0;607.0;38.0;0.0;0.0;0.0;0.0;608;38;0.0;0.0;0.0;0.0;607.5;0.0
1;31069.0;607.0;33.0;0.0;0.0;0.0;0.0;608;33;0.0;0.0;0.0;0.0;607.5;0.0
1;31070.0;608.0;32.0;0.0;0.0;0.0;0.0;609;32;0.0;0.0;0.0;0.0;608.5;0.0
1;31071.0;610.0;29.0;0.0;0.0;0.0;0.0;611;29;0.0;0.0;0.0;0.0;610.5;0.0
1;31072.0;612.0;41.0;0.0;0.0;0.0;0.0;613;41;0.0;0.0;0.0;0.0;612.5;0.0
1;31073.0;612.0;47.0;0.0;0.0;0.0;0.0;613;47;0.0;0.0;0.0;0.0;612.5;0.0
1;31074.0;612.0;48.0;0.0;0.0;0.0;0.0;614;48;0.0;0.0;0.0;0.0;613.0;0.0
1;31075.0;612.0;40.0;0.0;0.0;0.0;0.0;613;40;0.0;0.0;0.0;0.0;612.5;0.0
1;31076.0;611.0;40.0;0.0;0.0;0.0;0.0;612;40;0.0;0.0;0.0;0.0;611.5;0.0
1;31077.0;611.0;32.0;0.0;0.0;0.0;0.0;612;32;0.0;0.0;0.0;0.0;611.5;0.0
1;31078.0;611.0;27.0;0.0;0.0;0.0;0.0;612;27;0.0;0.0;0.0;0.0;611.5;0.0
1;31079.0;611.0;37.0;0.0;0.0;0.0;0.0;612;37;0.0;0.0;0.0;0.0;611.5;0.0
1;31080.0;611.0;44.0;0.0;0.0;0.0;0.0;612;44;0.0;0.0;0.0;0.0;611.5;0.0
1;31081.0;610.0;45.0;0.0;0.0;0.0;0.0;611;45;0.0;0.0;0.0;0.0;610.5;0.0
1;31082.0;609.0;44.0;0.0;0.0;0.0;0.0;610;44;0.0;0.0;0.0;0.0;609.5;0.0
1;31083.0;608.0;40.0;0.0;0.0;0.0;0.0;609;40;0.0;0.0;0.0;0.0;608.5;0.0
1;31084.0;607.0;37.0;0.0;0.0;0.0;0.0;608;37;0.0;0.0;0.0;0.0;607.5;0.0
1;31085.0;607.0;49.0;0.0;0.0;0.0;0.0;608;29;0.0;0.0;0.0;0.0;607.5;0.0
1;31086.0;607.0;40.0;0.0;0.0;0.0;0.0;608;40;0.0;0.0;0.0;0.0;607.5;0.0
1;31087.0;608.0;40.0;0.0;0.0;0.0;0.0;609;40;0.0;0.0;0.0;0.0;608.5;0.0
1;31088.0;608.0;2.0;607.0;37.0;0.0;0.0;609;39;0.0;0.0;0.0;0.0;608.5;0.0
1;31089.0;608.0;29.0;0.0;0.0;0.0;0.0;609;29;0.0;0.0;0.0;0.0;608.5;0.0
1;31090.0;609.0;21.0;0.0;0.0;0.0;0.0;610;39;0.0;0.0;0.0;0.0;609.5;0.0
1;31091.0;609.0;48.0;0.0;0.0;0.0;0.0;610;48;0.0;0.0;0.0;0.0;609.5;0.0
1;31092.0;611.0;50.0;0.0;0.0;0.0;0.0;612;40;0.0;0.0;0.0;0.0;611.5;0.0
1;31093.0;611.0;21.0;0.0;0.0;0.0;0.0;612;34;0.0;0.0;0.0;0.0;611.5;0.0
1;31094.0;612.0;40.0;0.0;0.0;0.0;0.0;613;40;0.0;0.0;0.0;0.0;612.5;0.0
1;31095.0;611.0;41.0;0.0;0.0;0.0;0.0;612;41;0.0;0.0;0.0;0.0;611.5;0.0
1;31096.0;612.0;42.0;0.0;0.0;0.0;0.0;613;42;0.0;0.0;0.0;0.0;612.5;0.0
1;31097.0;612.0;37.0;0.0;0.0;0.0;0.0;613;37;0.0;0.0;0.0;0.0;612.5;0.0
1;31098.0;611.0;30.0;0.0;0.0;0.0;0.0;612;30;0.0;0.0;0.0;0.0;611.5;0.0
1;31099.0;613.0;30.0;0.0;0.0;0.0;0.0;614;30;0.0;0.0;0.0;0.0;613.5;0.0
1;31100.0;613.0;39.0;0.0;0.0;0.0;0.0;614;39;0.0;0.0;0.0;0.0;613.5;0.0
1;31101.0;614.0;42.0;0.0;0.0;0.0;0.0;615;42;0.0;0.0;0.0;0.0;614.5;0.0
1;31102.0;614.0;56.0;0.0;0.0;0.0;0.0;615;47;0.0;0.0;0.0;0.0;614.5;0.0
1;31103.0;612.0;2.0;611.0;39.0;0.0;0.0;613;41;0.0;0.0;0.0;0.0;612.5;0.0
1;31104.0;611.0;37.0;0.0;0.0;0.0;0.0;612;37;0.0;0.0;0.0;0.0;611.5;0.0
1;31105.0;610.0;30.0;0.0;0.0;0.0;0.0;611;30;0.0;0.0;0.0;0.0;610.5;0.0
1;31106.0;610.0;47.0;0.0;0.0;0.0;0.0;611;47;0.0;0.0;0.0;0.0;610.5;0.0
1;31107.0;610.0;33.0;0.0;0.0;0.0;0.0;611;33;0.0;0.0;0.0;0.0;610.5;0.0
1;31108.0;610.0;42.0;0.0;0.0;0.0;0.0;611;42;0.0;0.0;0.0;0.0;610.5;0.0
1;31109.0;610.0;41.0;0.0;0.0;0.0;0.0;611;41;0.0;0.0;0.0;0.0;610.5;0.0
1;31110.0;611.0;40.0;0.0;0.0;0.0;0.0;612;40;0.0;0.0;0.0;0.0;611.5;0.0
1;31111.0;612.0;43.0;0.0;0.0;0.0;0.0;613;43;0.0;0.0;0.0;0.0;612.5;0.0
1;31112.0;615.0;33.0;0.0;0.0;0.0;0.0;616;33;0.0;0.0;0.0;0.0;615.5;0.0
1;31113.0;616.0;26.0;0.0;0.0;0.0;0.0;617;26;0.0;0.0;0.0;0.0;616.5;0.0
1;31114.0;615.0;39.0;0.0;0.0;0.0;0.0;616;39;0.0;0.0;0.0;0.0;615.5;0.0
1;31115.0;614.0;42.0;0.0;0.0;0.0;0.0;615;42;0.0;0.0;0.0;0.0;614.5;0.0
1;31116.0;615.0;47.0;0.0;0.0;0.0;0.0;616;47;0.0;0.0;0.0;0.0;615.5;0.0
1;31117.0;616.0;32.0;0.0;0.0;0.0;0.0;618;32;0.0;0.0;0.0;0.0;617.0;0.0
1;31118.0;614.0;28.0;0.0;0.0;0.0;0.0;615;28;0.0;0.0;0.0;0.0;614.5;0.0
1;31119.0;614.0;39.0;0.0;0.0;0.0;0.0;616;39;0.0;0.0;0.0;0.0;615.0;0.0
1;31120.0;615.0;37.0;0.0;0.0;0.0;0.0;617;37;0.0;0.0;0.0;0.0;616.0;0.0
1;31121.0;616.0;43.0;0.0;0.0;0.0;0.0;617;43;0.0;0.0;0.0;0.0;616.5;0.0
1;31122.0;618.0;31.0;0.0;0.0;0.0;0.0;619;31;0.0;0.0;0.0;0.0;618.5;0.0
1;31123.0;618.0;41.0;0.0;0.0;0.0;0.0;619;41;0.0;0.0;0.0;0.0;618.5;0.0
1;31124.0;619.0;33.0;0.0;0.0;0.0;0.0;621;33;0.0;0.0;0.0;0.0;620.0;0.0
1;31125.0;620.0;33.0;0.0;0.0;0.0;0.0;621;33;0.0;0.0;0.0;0.0;620.5;0.0
1;31126.0;619.0;25.0;0.0;0.0;0.0;0.0;620;41;0.0;0.0;0.0;0.0;619.5;0.0
1;31127.0;618.0;26.0;0.0;0.0;0.0;0.0;619;26;0.0;0.0;0.0;0.0;618.5;0.0
1;31128.0;616.0;41.0;0.0;0.0;0.0;0.0;617;41;0.0;0.0;0.0;0.0;616.5;0.0
1;31129.0;617.0;34.0;0.0;0.0;0.0;0.0;618;34;0.0;0.0;0.0;0.0;617.5;0.0
1;31130.0;617.0;26.0;0.0;0.0;0.0;0.0;618;26;0.0;0.0;0.0;0.0;617.5;0.0
1;31131.0;617.0;31.0;0.0;0.0;0.0;0.0;618;31;0.0;0.0;0.0;0.0;617.5;0.0
1;31132.0;619.0;36.0;0.0;0.0;0.0;0.0;620;36;0.0;0.0;0.0;0.0;619.5;0.0
1;31133.0;620.0;37.0;0.0;0.0;0.0;0.0;621;37;0.0;0.0;0.0;0.0;620.5;0.0
1;31134.0;619.0;37.0;0.0;0.0;0.0;0.0;620;37;0.0;0.0;0.0;0.0;619.5;0.0
1;31135.0;620.0;15.0;619.0;22.0;0.0;0.0;621;37;0.0;0.0;0.0;0.0;620.5;0.0
1;31136.0;619.0;27.0;0.0;0.0;0.0;0.0;620;41;0.0;0.0;0.0;0.0;619.5;0.0
1;31137.0;617.0;40.0;0.0;0.0;0.0;0.0;618;40;0.0;0.0;0.0;0.0;617.5;0.0
1;31138.0;616.0;44.0;0.0;0.0;0.0;0.0;617;44;0.0;0.0;0.0;0.0;616.5;0.0
1;31139.0;615.0;34.0;0.0;0.0;0.0;0.0;617;34;0.0;0.0;0.0;0.0;616.0;0.0
1;31140.0;614.0;29.0;0.0;0.0;0.0;0.0;616;29;0.0;0.0;0.0;0.0;615.0;0.0
1;31141.0;615.0;41.0;0.0;0.0;0.0;0.0;616;41;0.0;0.0;0.0;0.0;615.5;0.0
1;31142.0;614.0;34.0;0.0;0.0;0.0;0.0;615;34;0.0;0.0;0.0;0.0;614.5;0.0
1;31143.0;615.0;41.0;0.0;0.0;0.0;0.0;616;41;0.0;0.0;0.0;0.0;615.5;0.0
1;31144.0;615.0;41.0;0.0;0.0;0.0;0.0;616;41;0.0;0.0;0.0;0.0;615.5;0.0
1;31145.0;613.0;32.0;0.0;0.0;0.0;0.0;614;32;0.0;0.0;0.0;0.0;613.5;0.0
1;31146.0;612.0;36.0;0.0;0.0;0.0;0.0;613;36;0.0;0.0;0.0;0.0;612.5;0.0
1;31147.0;613.0;35.0;0.0;0.0;0.0;0.0;614;35;0.0;0.0;0.0;0.0;613.5;0.0
1;31148.0;612.0;38.0;0.0;0.0;0.0;0.0;613;38;0.0;0.0;0.0;0.0;612.5;0.0
1;31149.0;610.0;36.0;0.0;0.0;0.0;0.0;612;36;0.0;0.0;0.0;0.0;611.0;0.0
1;31150.0;610.0;44.0;0.0;0.0;0.0;0.0;611;44;0.0;0.0;0.0;0.0;610.5;0.0
1;31151.0;610.0;39.0;0.0;0.0;0.0;0.0;611;39;0.0;0.0;0.0;0.0;610.5;0.0
1;31152.0;610.0;38.0;0.0;0.0;0.0;0.0;611;38;0.0;0.0;0.0;0.0;610.5;0.0
1;31153.0;609.0;47.0;0.0;0.0;0.0;0.0;611;47;0.0;0.0;0.0;0.0;610.0;0.0
1;31154.0;609.0;42.0;0.0;0.0;0.0;0.0;610;32;0.0;0.0;0.0;0.0;609.5;0.0
1;31155.0;610.0;40.0;0.0;0.0;0.0;0.0;611;40;0.0;0.0;0.0;0.0;610.5;0.0
1;31156.0;610.0;34.0;0.0;0.0;0.0;0.0;611;34;0.0;0.0;0.0;0.0;610.5;0.0
1;31157.0;611.0;17.0;610.0;17.0;0.0;0.0;612;34;0.0;0.0;0.0;0.0;611.5;0.0
1;31158.0;611.0;34.0;0.0;0.0;0.0;0.0;612;34;0.0;0.0;0.0;0.0;611.5;0.0
1;31159.0;611.0;36.0;0.0;0.0;0.0;0.0;612;36;0.0;0.0;0.0;0.0;611.5;0.0
1;31160.0;611.0;47.0;0.0;0.0;0.0;0.0;612;47;0.0;0.0;0.0;0.0;611.5;0.0
1;31161.0;613.0;47.0;0.0;0.0;0.0;0.0;614;47;0.0;0.0;0.0;0.0;613.5;0.0
1;31162.0;611.0;33.0;0.0;0.0;0.0;0.0;612;33;0.0;0.0;0.0;0.0;611.5;0.0
1;31163.0;610.0;34.0;0.0;0.0;0.0;0.0;611;34;0.0;0.0;0.0;0.0;610.5;0.0
1;31164.0;611.0;46.0;0.0;0.0;0.0;0.0;613;46;0.0;0.0;0.0;0.0;612.0;0.0
1;31165.0;610.0;37.0;0.0;0.0;0.0;0.0;611;18;612.0;37.0;0.0;0.0;610.5;0.0
1;31166.0;610.0;38.0;0.0;0.0;0.0;0.0;611;38;0.0;0.0;0.0;0.0;610.5;0.0
1;31167.0;611.0;41.0;0.0;0.0;0.0;0.0;612;41;0.0;0.0;0.0;0.0;611.5;0.0
1;31168.0;612.0;42.0;0.0;0.0;0.0;0.0;613;42;0.0;0.0;0.0;0.0;612.5;0.0
1;31169.0;611.0;45.0;0.0;0.0;0.0;0.0;612;45;0.0;0.0;0.0;0.0;611.5;0.0
1;31170.0;610.0;30.0;0.0;0.0;0.0;0.0;611;30;0.0;0.0;0.0;0.0;610.5;0.0
1;31171.0;611.0;37.0;0.0;0.0;0.0;0.0;612;37;0.0;0.0;0.0;0.0;611.5;0.0
1;31172.0;610.0;34.0;0.0;0.0;0.0;0.0;611;34;0.0;0.0;0.0;0.0;610.5;0.0
1;31173.0;609.0;38.0;0.0;0.0;0.0;0.0;610;38;0.0;0.0;0.0;0.0;609.5;0.0
1;31174.0;610.0;35.0;0.0;0.0;0.0;0.0;611;35;0.0;0.0;0.0;0.0;610.5;0.0
1;31175.0;609.0;47.0;0.0;0.0;0.0;0.0;611;47;0.0;0.0;0.0;0.0;610.0;0.0
1;31176.0;611.0;44.0;0.0;0.0;0.0;0.0;612;44;0.0;0.0;0.0;0.0;611.5;0.0
1;31177.0;612.0;44.0;0.0;0.0;0.0;0.0;613;44;0.0;0.0;0.0;0.0;612.5;0.0
1;31178.0;613.0;23.0;0.0;0.0;0.0;0.0;614;36;0.0;0.0;0.0;0.0;613.5;0.0
1;31179.0;612.0;31.0;0.0;0.0;0.0;0.0;613;31;0.0;0.0;0.0;0.0;612.5;0.0
1;31180.0;612.0;48.0;0.0;0.0;0.0;0.0;613;48;0.0;0.0;0.0;0.0;612.5;0.0
1;31181.0;613.0;40.0;0.0;0.0;0.0;0.0;614;40;0.0;0.0;0.0;0.0;613.5;0.0
1;31182.0;613.0;34.0;0.0;0.0;0.0;0.0;614;34;0.0;0.0;0.0;0.0;613.5;0.0
1;31183.0;614.0;35.0;0.0;0.0;0.0;0.0;615;35;0.0;0.0;0.0;0.0;614.5;0.0
1;31184.0;615.0;33.0;0.0;0.0;0.0;0.0;616;33;0.0;0.0;0.0;0.0;615.5;0.0
1;31185.0;615.0;45.0;0.0;0.0;0.0;0.0;616;45;0.0;0.0;0.0;0.0;615.5;0.0
1;31186.0;616.0;38.0;0.0;0.0;0.0;0.0;617;38;0.0;0.0;0.0;0.0;616.5;0.0
1;31187.0;616.0;36.0;0.0;0.0;0.0;0.0;617;36;0.0;0.0;0.0;0.0;616.5;0.0
1;31188.0;616.0;42.0;0.0;0.0;0.0;0.0;617;42;0.0;0.0;0.0;0.0;616.5;0.0
1;31189.0;617.0;35.0;0.0;0.0;0.0;0.0;618;35;0.0;0.0;0.0;0.0;617.5;0.0
1;31190.0;616.0;45.0;0.0;0.0;0.0;0.0;617;45;0.0;0.0;0.0;0.0;616.5;0.0
1;31191.0;617.0;34.0;0.0;0.0;0.0;0.0;618;34;0.0;0.0;0.0;0.0;617.5;0.0
1;31192.0;617.0;39.0;0.0;0.0;0.0;0.0;618;39;0.0;0.0;0.0;0.0;617.5;0.0
1;31193.0;618.0;39.0;0.0;0.0;0.0;0.0;619;39;0.0;0.0;0.0;0.0;618.5;0.0
1;31194.0;617.0;34.0;0.0;0.0;0.0;0.0;619;34;0.0;0.0;0.0;0.0;618.0;0.0
1;31195.0;617.0;49.0;0.0;0.0;0.0;0.0;618;49;0.0;0.0;0.0;0.0;617.5;0.0
1;31196.0;616.0;44.0;0.0;0.0;0.0;0.0;617;44;0.0;0.0;0.0;0.0;616.5;0.0
1;31197.0;617.0;38.0;0.0;0.0;0.0;0.0;619;38;0.0;0.0;0.0;0.0;618.0;0.0
1;31198.0;618.0;35.0;0.0;0.0;0.0;0.0;619;35;0.0;0.0;0.0;0.0;618.5;0.0
1;31199.0;619.0;34.0;0.0;0.0;0.0;0.0;620;34;0.0;0.0;0.0;0.0;619.5;0.0
1;31200.0;619.0;44.0;0.0;0.0;0.0;0.0;620;44;0.0;0.0;0.0;0.0;619.5;0.0
1;31201.0;618.0;41.0;0.0;0.0;0.0;0.0;619;41;0.0;0.0;0.0;0.0;618.5;0.0
1;31202.0;619.0;41.0;0.0;0.0;0.0;0.0;620;41;0.0;0.0;0.0;0.0;619.5;0.0
1;31203.0;616.0;47.0;0.0;0.0;0.0;0.0;617;47;0.0;0.0;0.0;0.0;616.5;0.0
1;31204.0;615.0;39.0;0.0;0.0;0.0;0.0;616;39;0.0;0.0;0.0;0.0;615.5;0.0
1;31205.0;617.0;52.0;0.0;0.0;0.0;0.0;618;36;0.0;0.0;0.0;0.0;617.5;0.0
1;31206.0;617.0;42.0;0.0;0.0;0.0;0.0;618;42;0.0;0.0;0.0;0.0;617.5;0.0
1;31207.0;617.0;33.0;0.0;0.0;0.0;0.0;618;33;0.0;0.0;0.0;0.0;617.5;0.0
1;31208.0;618.0;35.0;0.0;0.0;0.0;0.0;619;35;0.0;0.0;0.0;0.0;618.5;0.0
1;31209.0;617.0;38.0;0.0;0.0;0.0;0.0;618;38;0.0;0.0;0.0;0.0;617.5;0.0
1;31210.0;617.0;38.0;0.0;0.0;0.0;0.0;618;38;0.0;0.0;0.0;0.0;617.5;0.0
1;31211.0;616.0;61.0;0.0;0.0;0.0;0.0;617;42;0.0;0.0;0.0;0.0;616.5;0.0
1;31212.0;617.0;44.0;0.0;0.0;0.0;0.0;618;31;0.0;0.0;0.0;0.0;617.5;0.0
1;31213.0;616.0;44.0;0.0;0.0;0.0;0.0;617;44;0.0;0.0;0.0;0.0;616.5;0.0
1;31214.0;619.0;39.0;0.0;0.0;0.0;0.0;620;39;0.0;0.0;0.0;0.0;619.5;0.0
1;31215.0;618.0;44.0;0.0;0.0;0.0;0.0;619;44;0.0;0.0;0.0;0.0;618.5;0.0
1;31216.0;617.0;31.0;0.0;0.0;0.0;0.0;618;31;0.0;0.0;0.0;0.0;617.5;0.0
1;31217.0;618.0;39.0;0.0;0.0;0.0;0.0;619;39;0.0;0.0;0.0;0.0;618.5;0.0
1;31218.0;618.0;20.0;617.0;19.0;0.0;0.0;619;39;0.0;0.0;0.0;0.0;618.5;0.0
1;31219.0;616.0;27.0;0.0;0.0;0.0;0.0;617;27;0.0;0.0;0.0;0.0;616.5;0.0
1;31220.0;617.0;17.0;0.0;0.0;0.0;0.0;618;29;0.0;0.0;0.0;0.0;617.5;0.0
1;31221.0;616.0;40.0;0.0;0.0;0.0;0.0;617;40;0.0;0.0;0.0;0.0;616.5;0.0
1;31222.0;614.0;44.0;0.0;0.0;0.0;0.0;615;44;0.0;0.0;0.0;0.0;614.5;0.0
1;31223.0;614.0;39.0;0.0;0.0;0.0;0.0;615;39;0.0;0.0;0.0;0.0;614.5;0.0
1;31224.0;613.0;32.0;0.0;0.0;0.0;0.0;614;32;0.0;0.0;0.0;0.0;613.5;0.0
1;31225.0;614.0;43.0;0.0;0.0;0.0;0.0;615;43;0.0;0.0;0.0;0.0;614.5;0.0
1;31226.0;613.0;37.0;0.0;0.0;0.0;0.0;615;37;0.0;0.0;0.0;0.0;614.0;0.0
1;31227.0;613.0;28.0;0.0;0.0;0.0;0.0;614;28;0.0;0.0;0.0;0.0;613.5;0.0
1;31228.0;613.0;16.0;0.0;0.0;0.0;0.0;614;33;0.0;0.0;0.0;0.0;613.5;0.0
1;31229.0;615.0;26.0;0.0;0.0;0.0;0.0;616;26;0.0;0.0;0.0;0.0;615.5;0.0
1;31230.0;614.0;31.0;0.0;0.0;0.0;0.0;615;31;0.0;0.0;0.0;0.0;614.5;0.0
1;31231.0;614.0;32.0;0.0;0.0;0.0;0.0;615;32;0.0;0.0;0.0;0.0;614.5;0.0
1;31232.0;614.0;40.0;0.0;0.0;0.0;0.0;615;40;0.0;0.0;0.0;0.0;614.5;0.0
1;31233.0;613.0;23.0;0.0;0.0;0.0;0.0;614;40;0.0;0.0;0.0;0.0;613.5;0.0
1;31234.0;613.0;38.0;0.0;0.0;0.0;0.0;614;38;0.0;0.0;0.0;0.0;613.5;0.0
1;31235.0;612.0;38.0;0.0;0.0;0.0;0.0;613;38;0.0;0.0;0.0;0.0;612.5;0.0
1;31236.0;612.0;42.0;0.0;0.0;0.0;0.0;613;42;0.0;0.0;0.0;0.0;612.5;0.0
1;31237.0;612.0;31.0;0.0;0.0;0.0;0.0;613;31;0.0;0.0;0.0;0.0;612.5;0.0
1;31238.0;611.0;35.0;0.0;0.0;0.0;0.0;612;35;0.0;0.0;0.0;0.0;611.5;0.0
1;31239.0;611.0;39.0;0.0;0.0;0.0;0.0;613;39;0.0;0.0;0.0;0.0;612.0;0.0
1;31240.0;612.0;47.0;0.0;0.0;0.0;0.0;613;47;0.0;0.0;0.0;0.0;612.5;0.0
1;31241.0;615.0;39.0;0.0;0.0;0.0;0.0;616;39;0.0;0.0;0.0;0.0;615.5;0.0
1;31242.0;616.0;30.0;0.0;0.0;0.0;0.0;617;30;0.0;0.0;0.0;0.0;616.5;0.0
1;31243.0;616.0;31.0;0.0;0.0;0.0;0.0;617;31;0.0;0.0;0.0;0.0;616.5;0.0
1;31244.0;615.0;34.0;0.0;0.0;0.0;0.0;617;34;0.0;0.0;0.0;0.0;616.0;0.0
1;31245.0;618.0;44.0;0.0;0.0;0.0;0.0;619;44;0.0;0.0;0.0;0.0;618.5;0.0
1;31246.0;619.0;47.0;0.0;0.0;0.0;0.0;620;47;0.0;0.0;0.0;0.0;619.5;0.0
1;31247.0;619.0;58.0;0.0;0.0;0.0;0.0;620;39;0.0;0.0;0.0;0.0;619.5;0.0
1;31248.0;620.0;57.0;0.0;0.0;0.0;0.0;621;44;0.0;0.0;0.0;0.0;620.5;0.0
1;31249.0;621.0;37.0;0.0;0.0;0.0;0.0;622;48;0.0;0.0;0.0;0.0;621.5;0.0
1;31250.0;621.0;32.0;0.0;0.0;0.0;0.0;622;32;0.0;0.0;0.0;0.0;621.5;0.0
1;31251.0;622.0;42.0;0.0;0.0;0.0;0.0;623;42;0.0;0.0;0.0;0.0;622.5;0.0
1;31252.0;622.0;38.0;0.0;0.0;0.0;0.0;623;38;0.0;0.0;0.0;0.0;622.5;0.0
1;31253.0;621.0;49.0;0.0;0.0;0.0;0.0;622;38;0.0;0.0;0.0;0.0;621.5;0.0
1;31254.0;623.0;45.0;0.0;0.0;0.0;0.0;624;45;0.0;0.0;0.0;0.0;623.5;0.0
1;31255.0;621.0;33.0;0.0;0.0;0.0;0.0;622;33;0.0;0.0;0.0;0.0;621.5;0.0
1;31256.0;622.0;37.0;0.0;0.0;0.0;0.0;623;37;0.0;0.0;0.0;0.0;622.5;0.0
1;31257.0;620.0;32.0;0.0;0.0;0.0;0.0;621;32;0.0;0.0;0.0;0.0;620.5;0.0
1;31258.0;619.0;42.0;0.0;0.0;0.0;0.0;620;42;0.0;0.0;0.0;0.0;619.5;0.0
1;31259.0;621.0;44.0;0.0;0.0;0.0;0.0;622;44;0.0;0.0;0.0;0.0;621.5;0.0
1;31260.0;620.0;39.0;0.0;0.0;0.0;0.0;621;39;0.0;0.0;0.0;0.0;620.5;0.0
1;31261.0;620.0;45.0;0.0;0.0;0.0;0.0;621;45;0.0;0.0;0.0;0.0;620.5;0.0
1;31262.0;620.0;33.0;0.0;0.0;0.0;0.0;621;43;0.0;0.0;0.0;0.0;620.5;0.0
1;31263.0;619.0;38.0;0.0;0.0;0.0;0.0;620;38;0.0;0.0;0.0;0.0;619.5;0.0
1;31264.0;621.0;43.0;0.0;0.0;0.0;0.0;622;43;0.0;0.0;0.0;0.0;621.5;0.0
1;31265.0;620.0;37.0;0.0;0.0;0.0;0.0;621;37;0.0;0.0;0.0;0.0;620.5;0.0
1;31266.0;618.0;44.0;0.0;0.0;0.0;0.0;619;44;0.0;0.0;0.0;0.0;618.5;0.0
1;31267.0;620.0;44.0;0.0;0.0;0.0;0.0;621;44;0.0;0.0;0.0;0.0;620.5;0.0
1;31268.0;619.0;47.0;0.0;0.0;0.0;0.0;620;47;0.0;0.0;0.0;0.0;619.5;0.0
1;31269.0;618.0;40.0;0.0;0.0;0.0;0.0;619;40;0.0;0.0;0.0;0.0;618.5;0.0
1;31270.0;619.0;39.0;0.0;0.0;0.0;0.0;621;39;0.0;0.0;0.0;0.0;620.0;0.0
1;31271.0;621.0;44.0;0.0;0.0;0.0;0.0;622;44;0.0;0.0;0.0;0.0;621.5;0.0
1;31272.0;622.0;50.0;0.0;0.0;0.0;0.0;624;50;0.0;0.0;0.0;0.0;623.0;0.0
1;31273.0;621.0;48.0;0.0;0.0;0.0;0.0;622;48;0.0;0.0;0.0;0.0;621.5;0.0
1;31274.0;621.0;27.0;0.0;0.0;0.0;0.0;622;27;0.0;0.0;0.0;0.0;621.5;0.0
1;31275.0;622.0;35.0;0.0;0.0;0.0;0.0;623;35;0.0;0.0;0.0;0.0;622.5;0.0
1;31276.0;623.0;32.0;0.0;0.0;0.0;0.0;624;32;0.0;0.0;0.0;0.0;623.5;0.0
1;31277.0;622.0;43.0;0.0;0.0;0.0;0.0;623;43;0.0;0.0;0.0;0.0;622.5;0.0
1;31278.0;620.0;36.0;0.0;0.0;0.0;0.0;621;36;0.0;0.0;0.0;0.0;620.5;0.0
1;31279.0;620.0;29.0;0.0;0.0;0.0;0.0;621;29;0.0;0.0;0.0;0.0;620.5;0.0
1;31280.0;621.0;32.0;0.0;0.0;0.0;0.0;622;32;0.0;0.0;0.0;0.0;621.5;0.0
1;31281.0;622.0;46.0;0.0;0.0;0.0;0.0;623;46;0.0;0.0;0.0;0.0;622.5;0.0
1;31282.0;622.0;37.0;0.0;0.0;0.0;0.0;623;37;0.0;0.0;0.0;0.0;622.5;0.0
1;31283.0;620.0;37.0;0.0;0.0;0.0;0.0;621;37;0.0;0.0;0.0;0.0;620.5;0.0
1;31284.0;619.0;33.0;0.0;0.0;0.0;0.0;620;33;0.0;0.0;0.0;0.0;619.5;0.0
1;31285.0;617.0;35.0;0.0;0.0;0.0;0.0;618;1;619.0;34.0;0.0;0.0;617.5;0.0
1;31286.0;618.0;45.0;0.0;0.0;0.0;0.0;619;45;0.0;0.0;0.0;0.0;618.5;0.0
1;31287.0;617.0;42.0;0.0;0.0;0.0;0.0;618;42;0.0;0.0;0.0;0.0;617.5;0.0
1;31288.0;618.0;35.0;0.0;0.0;0.0;0.0;619;35;0.0;0.0;0.0;0.0;618.5;0.0
1;31289.0;618.0;42.0;0.0;0.0;0.0;0.0;620;42;0.0;0.0;0.0;0.0;619.0;0.0
1;31290.0;617.0;34.0;0.0;0.0;0.0;0.0;618;34;0.0;0.0;0.0;0.0;617.5;0.0
1;31291.0;617.0;32.0;0.0;0.0;0.0;0.0;618;32;0.0;0.0;0.0;0.0;617.5;0.0
1;31292.0;617.0;46.0;0.0;0.0;0.0;0.0;619;46;0.0;0.0;0.0;0.0;618.0;0.0
1;31293.0;618.0;48.0;0.0;0.0;0.0;0.0;619;48;0.0;0.0;0.0;0.0;618.5;0.0
1;31294.0;620.0;30.0;0.0;0.0;0.0;0.0;622;30;0.0;0.0;0.0;0.0;621.0;0.0
1;31295.0;621.0;32.0;0.0;0.0;0.0;0.0;622;32;0.0;0.0;0.0;0.0;621.5;0.0
1;31296.0;621.0;12.0;620.0;30.0;0.0;0.0;622;42;0.0;0.0;0.0;0.0;621.5;0.0
1;31297.0;620.0;39.0;0.0;0.0;0.0;0.0;621;39;0.0;0.0;0.0;0.0;620.5;0.0
1;31298.0;620.0;40.0;0.0;0.0;0.0;0.0;621;40;0.0;0.0;0.0;0.0;620.5;0.0
1;31299.0;620.0;44.0;0.0;0.0;0.0;0.0;621;44;0.0;0.0;0.0;0.0;620.5;0.0
1;31300.0;620.0;45.0;0.0;0.0;0.0;0.0;621;45;0.0;0.0;0.0;0.0;620.5;0.0
1;31301.0;619.0;41.0;0.0;0.0;0.0;0.0;620;41;0.0;0.0;0.0;0.0;619.5;0.0
1;31302.0;620.0;42.0;0.0;0.0;0.0;0.0;621;42;0.0;0.0;0.0;0.0;620.5;0.0
1;31303.0;622.0;36.0;0.0;0.0;0.0;0.0;623;36;0.0;0.0;0.0;0.0;622.5;0.0
1;31304.0;621.0;46.0;0.0;0.0;0.0;0.0;623;46;0.0;0.0;0.0;0.0;622.0;0.0
1;31305.0;622.0;21.0;0.0;0.0;0.0;0.0;623;41;0.0;0.0;0.0;0.0;622.5;0.0
1;31306.0;622.0;45.0;0.0;0.0;0.0;0.0;623;45;0.0;0.0;0.0;0.0;622.5;0.0
1;31307.0;623.0;28.0;0.0;0.0;0.0;0.0;624;28;0.0;0.0;0.0;0.0;623.5;0.0
1;31308.0;622.0;45.0;0.0;0.0;0.0;0.0;623;45;0.0;0.0;0.0;0.0;622.5;0.0
1;31309.0;620.0;33.0;0.0;0.0;0.0;0.0;621;33;0.0;0.0;0.0;0.0;620.5;0.0
1;31310.0;619.0;32.0;0.0;0.0;0.0;0.0;620;32;0.0;0.0;0.0;0.0;619.5;0.0
1;31311.0;620.0;31.0;0.0;0.0;0.0;0.0;621;31;0.0;0.0;0.0;0.0;620.5;0.0
1;31312.0;622.0;43.0;0.0;0.0;0.0;0.0;623;43;0.0;0.0;0.0;0.0;622.5;0.0
1;31313.0;622.0;39.0;0.0;0.0;0.0;0.0;623;39;0.0;0.0;0.0;0.0;622.5;0.0
1;31314.0;620.0;30.0;0.0;0.0;0.0;0.0;621;30;0.0;0.0;0.0;0.0;620.5;0.0
1;31315.0;619.0;44.0;0.0;0.0;0.0;0.0;620;44;0.0;0.0;0.0;0.0;619.5;0.0
1;31316.0;618.0;35.0;0.0;0.0;0.0;0.0;619;35;0.0;0.0;0.0;0.0;618.5;0.0
1;31317.0;617.0;38.0;0.0;0.0;0.0;0.0;618;38;0.0;0.0;0.0;0.0;617.5;0.0
1;31318.0;617.0;47.0;0.0;0.0;0.0;0.0;618;47;0.0;0.0;0.0;0.0;617.5;0.0
1;31319.0;616.0;35.0;0.0;0.0;0.0;0.0;617;35;0.0;0.0;0.0;0.0;616.5;0.0
1;31320.0;617.0;41.0;0.0;0.0;0.0;0.0;618;41;0.0;0.0;0.0;0.0;617.5;0.0
1;31321.0;617.0;35.0;0.0;0.0;0.0;0.0;618;35;0.0;0.0;0.0;0.0;617.5;0.0
1;31322.0;616.0;42.0;0.0;0.0;0.0;0.0;617;42;0.0;0.0;0.0;0.0;616.5;0.0
1;31323.0;617.0;51.0;0.0;0.0;0.0;0.0;618;31;0.0;0.0;0.0;0.0;617.5;0.0
1;31324.0;617.0;40.0;0.0;0.0;0.0;0.0;618;48;0.0;0.0;0.0;0.0;617.5;0.0
1;31325.0;615.0;33.0;0.0;0.0;0.0;0.0;616;15;617.0;18.0;0.0;0.0;615.5;0.0
1;31326.0;616.0;41.0;0.0;0.0;0.0;0.0;617;41;0.0;0.0;0.0;0.0;616.5;0.0
1;31327.0;615.0;39.0;0.0;0.0;0.0;0.0;617;39;0.0;0.0;0.0;0.0;616.0;0.0
1;31328.0;617.0;37.0;0.0;0.0;0.0;0.0;618;37;0.0;0.0;0.0;0.0;617.5;0.0
1;31329.0;616.0;48.0;0.0;0.0;0.0;0.0;617;48;0.0;0.0;0.0;0.0;616.5;0.0
1;31330.0;617.0;39.0;0.0;0.0;0.0;0.0;618;39;0.0;0.0;0.0;0.0;617.5;0.0
1;31331.0;618.0;37.0;0.0;0.0;0.0;0.0;619;37;0.0;0.0;0.0;0.0;618.5;0.0
1;31332.0;619.0;33.0;0.0;0.0;0.0;0.0;620;33;0.0;0.0;0.0;0.0;619.5;0.0
1;31333.0;619.0;42.0;0.0;0.0;0.0;0.0;620;42;0.0;0.0;0.0;0.0;619.5;0.0
1;31334.0;620.0;49.0;0.0;0.0;0.0;0.0;621;49;0.0;0.0;0.0;0.0;620.5;0.0
1;31335.0;620.0;39.0;0.0;0.0;0.0;0.0;621;39;0.0;0.0;0.0;0.0;620.5;0.0
1;31336.0;618.0;37.0;0.0;0.0;0.0;0.0;619;44;0.0;0.0;0.0;0.0;618.5;0.0
1;31337.0;618.0;37.0;0.0;0.0;0.0;0.0;619;37;0.0;0.0;0.0;0.0;618.5;0.0
1;31338.0;618.0;37.0;0.0;0.0;0.0;0.0;619;28;0.0;0.0;0.0;0.0;618.5;0.0
1;31339.0;619.0;63.0;0.0;0.0;0.0;0.0;620;48;0.0;0.0;0.0;0.0;619.5;0.0
1;31340.0;617.0;33.0;0.0;0.0;0.0;0.0;618;33;0.0;0.0;0.0;0.0;617.5;0.0
1;31341.0;616.0;46.0;0.0;0.0;0.0;0.0;617;46;0.0;0.0;0.0;0.0;616.5;0.0
1;31342.0;616.0;44.0;0.0;0.0;0.0;0.0;617;44;0.0;0.0;0.0;0.0;616.5;0.0
1;31343.0;617.0;34.0;0.0;0.0;0.0;0.0;618;34;0.0;0.0;0.0;0.0;617.5;0.0
1;31344.0;619.0;48.0;0.0;0.0;0.0;0.0;620;48;0.0;0.0;0.0;0.0;619.5;0.0
1;31345.0;619.0;44.0;0.0;0.0;0.0;0.0;620;31;0.0;0.0;0.0;0.0;619.5;0.0
1;31346.0;618.0;38.0;0.0;0.0;0.0;0.0;619;38;0.0;0.0;0.0;0.0;618.5;0.0
1;31347.0;620.0;27.0;0.0;0.0;0.0;0.0;621;27;0.0;0.0;0.0;0.0;620.5;0.0
1;31348.0;619.0;32.0;0.0;0.0;0.0;0.0;620;32;0.0;0.0;0.0;0.0;619.5;0.0
1;31349.0;620.0;41.0;0.0;0.0;0.0;0.0;621;41;0.0;0.0;0.0;0.0;620.5;0.0
1;31350.0;620.0;29.0;0.0;0.0;0.0;0.0;621;29;0.0;0.0;0.0;0.0;620.5;0.0
1;31351.0;619.0;26.0;0.0;0.0;0.0;0.0;620;26;0.0;0.0;0.0;0.0;619.5;0.0
1;31352.0;620.0;57.0;0.0;0.0;0.0;0.0;621;48;0.0;0.0;0.0;0.0;620.5;0.0
1;31353.0;620.0;30.0;0.0;0.0;0.0;0.0;621;30;0.0;0.0;0.0;0.0;620.5;0.0
1;31354.0;622.0;39.0;0.0;0.0;0.0;0.0;623;39;0.0;0.0;0.0;0.0;622.5;0.0
1;31355.0;622.0;44.0;0.0;0.0;0.0;0.0;624;44;0.0;0.0;0.0;0.0;623.0;0.0
1;31356.0;623.0;42.0;0.0;0.0;0.0;0.0;624;42;0.0;0.0;0.0;0.0;623.5;0.0
1;31357.0;622.0;28.0;0.0;0.0;0.0;0.0;623;28;0.0;0.0;0.0;0.0;622.5;0.0
1;31358.0;621.0;35.0;0.0;0.0;0.0;0.0;622;45;0.0;0.0;0.0;0.0;621.5;0.0
1;31359.0;621.0;37.0;0.0;0.0;0.0;0.0;622;37;0.0;0.0;0.0;0.0;621.5;0.0
1;31360.0;622.0;45.0;0.0;0.0;0.0;0.0;623;45;0.0;0.0;0.0;0.0;622.5;0.0
1;31361.0;623.0;48.0;0.0;0.0;0.0;0.0;624;33;0.0;0.0;0.0;0.0;623.5;0.0
1;31362.0;623.0;29.0;0.0;0.0;0.0;0.0;624;39;0.0;0.0;0.0;0.0;623.5;0.0
1;31363.0;623.0;43.0;0.0;0.0;0.0;0.0;624;43;0.0;0.0;0.0;0.0;623.5;0.0
1;31364.0;622.0;41.0;0.0;0.0;0.0;0.0;623;41;0.0;0.0;0.0;0.0;622.5;0.0
1;31365.0;622.0;35.0;0.0;0.0;0.0;0.0;623;35;0.0;0.0;0.0;0.0;622.5;0.0
1;31366.0;621.0;40.0;0.0;0.0;0.0;0.0;622;40;0.0;0.0;0.0;0.0;621.5;0.0
1;31367.0;621.0;49.0;0.0;0.0;0.0;0.0;622;49;0.0;0.0;0.0;0.0;621.5;0.0
1;31368.0;621.0;20.0;620.0;45.0;0.0;0.0;622;45;0.0;0.0;0.0;0.0;621.5;0.0
1;31369.0;619.0;53.0;0.0;0.0;0.0;0.0;620;39;0.0;0.0;0.0;0.0;619.5;0.0
1;31370.0;618.0;42.0;0.0;0.0;0.0;0.0;619;42;0.0;0.0;0.0;0.0;618.5;0.0
1;31371.0;619.0;41.0;0.0;0.0;0.0;0.0;620;41;0.0;0.0;0.0;0.0;619.5;0.0
1;31372.0;619.0;44.0;0.0;0.0;0.0;0.0;620;44;0.0;0.0;0.0;0.0;619.5;0.0
1;31373.0;617.0;47.0;0.0;0.0;0.0;0.0;618;47;0.0;0.0;0.0;0.0;617.5;0.0
1;31374.0;617.0;21.0;616.0;24.0;0.0;0.0;618;45;0.0;0.0;0.0;0.0;617.5;0.0
1;31375.0;617.0;39.0;0.0;0.0;0.0;0.0;618;39;0.0;0.0;0.0;0.0;617.5;0.0
1;31376.0;616.0;39.0;0.0;0.0;0.0;0.0;617;39;0.0;0.0;0.0;0.0;616.5;0.0
1;31377.0;616.0;42.0;0.0;0.0;0.0;0.0;617;42;0.0;0.0;0.0;0.0;616.5;0.0
1;31378.0;614.0;36.0;0.0;0.0;0.0;0.0;615;36;0.0;0.0;0.0;0.0;614.5;0.0
1;31379.0;614.0;41.0;0.0;0.0;0.0;0.0;615;41;0.0;0.0;0.0;0.0;614.5;0.0
1;31380.0;612.0;34.0;0.0;0.0;0.0;0.0;613;34;0.0;0.0;0.0;0.0;612.5;0.0
1;31381.0;613.0;29.0;0.0;0.0;0.0;0.0;614;29;0.0;0.0;0.0;0.0;613.5;0.0
1;31382.0;611.0;31.0;0.0;0.0;0.0;0.0;612;31;0.0;0.0;0.0;0.0;611.5;0.0
1;31383.0;612.0;42.0;0.0;0.0;0.0;0.0;613;42;0.0;0.0;0.0;0.0;612.5;0.0
1;31384.0;613.0;30.0;0.0;0.0;0.0;0.0;614;30;0.0;0.0;0.0;0.0;613.5;0.0
1;31385.0;611.0;42.0;0.0;0.0;0.0;0.0;612;42;0.0;0.0;0.0;0.0;611.5;0.0
1;31386.0;613.0;40.0;0.0;0.0;0.0;0.0;614;40;0.0;0.0;0.0;0.0;613.5;0.0
1;31387.0;614.0;42.0;0.0;0.0;0.0;0.0;615;42;0.0;0.0;0.0;0.0;614.5;0.0
1;31388.0;615.0;6.0;614.0;39.0;0.0;0.0;616;39;0.0;0.0;0.0;0.0;615.5;0.0
1;31389.0;614.0;33.0;0.0;0.0;0.0;0.0;615;33;0.0;0.0;0.0;0.0;614.5;0.0
1;31390.0;613.0;33.0;0.0;0.0;0.0;0.0;614;33;0.0;0.0;0.0;0.0;613.5;0.0
1;31391.0;614.0;42.0;0.0;0.0;0.0;0.0;615;42;0.0;0.0;0.0;0.0;614.5;0.0
1;31392.0;614.0;28.0;0.0;0.0;0.0;0.0;615;28;0.0;0.0;0.0;0.0;614.5;0.0
1;31393.0;613.0;48.0;0.0;0.0;0.0;0.0;614;48;0.0;0.0;0.0;0.0;613.5;0.0
1;31394.0;615.0;37.0;0.0;0.0;0.0;0.0;616;37;0.0;0.0;0.0;0.0;615.5;0.0
1;31395.0;614.0;32.0;0.0;0.0;0.0;0.0;615;32;0.0;0.0;0.0;0.0;614.5;0.0
1;31396.0;614.0;40.0;0.0;0.0;0.0;0.0;615;40;0.0;0.0;0.0;0.0;614.5;0.0
1;31397.0;614.0;32.0;0.0;0.0;0.0;0.0;615;32;0.0;0.0;0.0;0.0;614.5;0.0
1;31398.0;615.0;39.0;0.0;0.0;0.0;0.0;616;29;0.0;0.0;0.0;0.0;615.5;0.0
1;31399.0;616.0;33.0;0.0;0.0;0.0;0.0;617;33;0.0;0.0;0.0;0.0;616.5;0.0
1;31400.0;616.0;42.0;0.0;0.0;0.0;0.0;617;49;0.0;0.0;0.0;0.0;616.5;0.0
1;31401.0;616.0;41.0;0.0;0.0;0.0;0.0;617;41;0.0;0.0;0.0;0.0;616.5;0.0
1;31402.0;616.0;38.0;0.0;0.0;0.0;0.0;618;38;0.0;0.0;0.0;0.0;617.0;0.0
1;31403.0;615.0;49.0;0.0;0.0;0.0;0.0;616;49;0.0;0.0;0.0;0.0;615.5;0.0
1;31404.0;614.0;39.0;0.0;0.0;0.0;0.0;615;39;0.0;0.0;0.0;0.0;614.5;0.0
1;31405.0;614.0;29.0;0.0;0.0;0.0;0.0;615;29;0.0;0.0;0.0;0.0;614.5;0.0
1;31406.0;614.0;42.0;0.0;0.0;0.0;0.0;615;42;0.0;0.0;0.0;0.0;614.5;0.0
1;31407.0;614.0;41.0;0.0;0.0;0.0;0.0;615;41;0.0;0.0;0.0;0.0;614.5;0.0
1;31408.0;616.0;41.0;0.0;0.0;0.0;0.0;617;41;0.0;0.0;0.0;0.0;616.5;0.0
1;31409.0;616.0;29.0;0.0;0.0;0.0;0.0;617;29;0.0;0.0;0.0;0.0;616.5;0.0
1;31410.0;617.0;45.0;0.0;0.0;0.0;0.0;618;33;0.0;0.0;0.0;0.0;617.5;0.0
1;31411.0;617.0;40.0;0.0;0.0;0.0;0.0;618;40;0.0;0.0;0.0;0.0;617.5;0.0
1;31412.0;616.0;40.0;0.0;0.0;0.0;0.0;617;40;0.0;0.0;0.0;0.0;616.5;0.0
1;31413.0;615.0;41.0;0.0;0.0;0.0;0.0;616;41;0.0;0.0;0.0;0.0;615.5;0.0
1;31414.0;613.0;42.0;0.0;0.0;0.0;0.0;614;42;0.0;0.0;0.0;0.0;613.5;0.0
1;31415.0;613.0;36.0;0.0;0.0;0.0;0.0;614;36;0.0;0.0;0.0;0.0;613.5;0.0
1;31416.0;613.0;33.0;0.0;0.0;0.0;0.0;614;33;0.0;0.0;0.0;0.0;613.5;0.0
1;31417.0;614.0;35.0;0.0;0.0;0.0;0.0;615;35;0.0;0.0;0.0;0.0;614.5;0.0
1;31418.0;614.0;55.0;0.0;0.0;0.0;0.0;615;44;0.0;0.0;0.0;0.0;614.5;0.0
1;31419.0;613.0;32.0;0.0;0.0;0.0;0.0;614;32;0.0;0.0;0.0;0.0;613.5;0.0
1;31420.0;612.0;41.0;0.0;0.0;0.0;0.0;613;41;0.0;0.0;0.0;0.0;612.5;0.0
1;31421.0;613.0;42.0;0.0;0.0;0.0;0.0;614;42;0.0;0.0;0.0;0.0;613.5;0.0
1;31422.0;613.0;36.0;0.0;0.0;0.0;0.0;614;36;0.0;0.0;0.0;0.0;613.5;0.0
1;31423.0;613.0;38.0;0.0;0.0;0.0;0.0;614;38;0.0;0.0;0.0;0.0;613.5;0.0
1;31424.0;612.0;48.0;0.0;0.0;0.0;0.0;614;48;0.0;0.0;0.0;0.0;613.0;0.0
