day;timestamp;buyer;seller;currency;price;quantity
1;30009.0;Valentina;Valentina;SEASHELLS;636.0;5
1;30010.0;Valentina;Vinnie;SEASHELLS;634.0;17
1;30012.0;Valentina;Ruby;SEASHELLS;635.0;17
1;30020.0;Valentina;Vinnie;SEASHELLS;635.0;16
1;30021.0;Valentina;Vinnie;SEASHELLS;637.0;14
1;30031.0;Valentina;Valentina;SEASHELLS;631.0;6
1;30040.0;Vinnie;Vinnie;SEASHELLS;635.0;2
1;30040.0;Vladimir;Vinnie;SEASHELLS;635.0;10
1;30043.0;Ruby;Valentina;SEASHELLS;635.0;20
1;30044.0;Valentina;Vinnie;SEASHELLS;635.0;16
1;30044.0;Vladimir;Vinnie;SEASHELLS;635.0;2
1;30050.0;Valentina;Ruby;SEASHELLS;636.0;12
1;30066.0;Valentina;Rhianna;SEASHELLS;642.0;9
1;30069.0;Valentina;Vinnie;SEASHELLS;643.0;11
1;30080.0;Valentina;Ruby;SEASHELLS;635.0;18
1;30090.0;Valentina;Vinnie;SEASHELLS;639.0;15
1;30090.0;Vladimir;Vinnie;SEASHELLS;639.0;5
1;30106.0;Valentina;Ruby;SEASHELLS;635.0;16
1;30106.0;Vladimir;Ruby;SEASHELLS;635.0;4
1;30146.0;Valentina;Rhianna;SEASHELLS;641.0;11
1;30147.0;Valentina;Valentina;SEASHELLS;641.0;6
1;30147.0;Valentina;Vinnie;SEASHELLS;641.0;11
1;30154.0;Valentina;Vinnie;SEASHELLS;641.0;14
1;30156.0;Ruby;Valentina;SEASHELLS;639.0;16
1;30156.0;Ruby;Vladimir;SEASHELLS;639.0;4
1;30165.0;Valentina;Ruby;SEASHELLS;635.0;11
1;30167.0;Valentina;Valentina;SEASHELLS;633.0;9
1;30185.0;Ruby;Valentina;SEASHELLS;638.0;14
1;30208.0;Valentina;Valentina;SEASHELLS;631.0;6
1;30230.0;Valentina;Valentina;SEASHELLS;627.0;7
1;30267.0;Valentina;Vinnie;SEASHELLS;625.0;17
1;30267.0;Vladimir;Valentina;SEASHELLS;625.0;10
1;30269.0;Valentina;Vinnie;SEASHELLS;623.0;20
1;30295.0;Valentina;Vinnie;SEASHELLS;624.0;20
1;30311.0;Valentina;Vinnie;SEASHELLS;628.0;19
1;30319.0;Ruby;Valentina;SEASHELLS;637.0;11
1;30332.0;Valentina;Vinnie;SEASHELLS;637.0;15
1;30343.0;Ruby;Valentina;SEASHELLS;630.0;20
1;30355.0;Valentina;Vinnie;SEASHELLS;635.0;15
1;30361.0;Ruby;Valentina;SEASHELLS;634.0;10
1;30363.0;Valentina;Rhianna;SEASHELLS;634.0;5
1;30370.0;Valentina;Ruby;SEASHELLS;634.0;15
1;30374.0;Valentina;Vinnie;SEASHELLS;632.0;20
1;30389.0;Valentina;Vinnie;SEASHELLS;638.0;11
1;30392.0;Valentina;Vinnie;SEASHELLS;637.0;12
1;30398.0;Valentina;Valentina;SEASHELLS;643.0;10
1;30409.0;Valentina;Vinnie;SEASHELLS;636.0;16
1;30416.0;Ruby;Valentina;SEASHELLS;638.0;16
1;30436.0;Valentina;Vinnie;SEASHELLS;627.0;12
1;30441.0;Valentina;Valentina;SEASHELLS;629.0;5
1;30447.0;Valentina;Vinnie;SEASHELLS;627.0;13
1;30447.0;Ruby;Valentina;SEASHELLS;628.0;19
1;30458.0;Valentina;Vinnie;SEASHELLS;620.0;20
1;30467.0;Valentina;Vinnie;SEASHELLS;616.0;16
1;30474.0;Ruby;Valentina;SEASHELLS;615.0;14
1;30479.0;Ruby;Valentina;SEASHELLS;614.0;13
1;30480.0;Ruby;Valentina;SEASHELLS;614.0;16
1;30482.0;Ruby;Valentina;SEASHELLS;615.0;10
1;30497.0;Valentina;Vinnie;SEASHELLS;613.0;20
1;30500.0;Valentina;Ruby;SEASHELLS;618.0;12
1;30507.0;Valentina;Vinnie;SEASHELLS;616.0;13
1;30512.0;Valentina;Rhianna;SEASHELLS;619.0;14
1;30526.0;Vinnie;Vinnie;SEASHELLS;621.0;2
1;30543.0;Rhianna;Valentina;SEASHELLS;622.0;4
1;30545.0;Valentina;Vinnie;SEASHELLS;621.0;11
1;30545.0;Ruby;Valentina;SEASHELLS;622.0;10
1;30554.0;Valentina;Vinnie;SEASHELLS;625.0;15
1;30554.0;Vladimir;Vinnie;SEASHELLS;625.0;1
1;30562.0;Ruby;Valentina;SEASHELLS;628.0;11
1;30567.0;Ruby;Valentina;SEASHELLS;626.0;13
1;30575.0;Valentina;Valentina;SEASHELLS;622.0;6
1;30576.0;Valentina;Vinnie;SEASHELLS;622.0;14
1;30591.0;Valentina;Vinnie;SEASHELLS;617.0;17
1;30597.0;Valentina;Valentina;SEASHELLS;616.0;9
1;30610.0;Vladimir;Ruby;SEASHELLS;615.0;12
1;30620.0;Valentina;Vinnie;SEASHELLS;610.0;14
1;30627.0;Valentina;Vinnie;SEASHELLS;605.0;18
1;30630.0;Valentina;Vinnie;SEASHELLS;606.0;15
1;30631.0;Valentina;Ruby;SEASHELLS;604.0;11
1;30633.0;Ruby;Valentina;SEASHELLS;606.0;17
1;30666.0;Ruby;Valentina;SEASHELLS;605.0;18
1;30674.0;Valentina;Vinnie;SEASHELLS;609.0;11
1;30705.0;Valentina;Valentina;SEASHELLS;614.0;8
1;30716.0;Valentina;Valentina;SEASHELLS;615.0;7
1;30721.0;Valentina;Vinnie;SEASHELLS;613.0;17
1;30734.0;Valentina;Vinnie;SEASHELLS;611.0;10
1;30738.0;Ruby;Valentina;SEASHELLS;613.0;15
1;30749.0;Ruby;Valentina;SEASHELLS;614.0;14
1;30749.0;Valentina;Rhianna;SEASHELLS;613.0;14
1;30756.0;Ruby;Valentina;SEASHELLS;611.0;16
1;30756.0;Ruby;Vladimir;SEASHELLS;611.0;2
1;30757.0;Valentina;Rhianna;SEASHELLS;609.0;9
1;30765.0;Ruby;Valentina;SEASHELLS;607.0;16
1;30777.0;Valentina;Vinnie;SEASHELLS;603.0;17
1;30780.0;Valentina;Ruby;SEASHELLS;602.0;11
1;30782.0;Ruby;Vladimir;SEASHELLS;601.0;1
1;30782.0;Ruby;Valentina;SEASHELLS;601.0;18
1;30786.0;Valentina;Vinnie;SEASHELLS;598.0;13
1;30789.0;Valentina;Valentina;SEASHELLS;597.0;6
1;30795.0;Valentina;Vinnie;SEASHELLS;598.0;13
1;30833.0;Valentina;Vinnie;SEASHELLS;605.0;17
1;30834.0;Vladimir;Vinnie;SEASHELLS;607.0;12
1;30874.0;Valentina;Vinnie;SEASHELLS;599.0;11
1;30884.0;Valentina;Valentina;SEASHELLS;594.0;8
1;30886.0;Valentina;Vinnie;SEASHELLS;593.0;20
1;30887.0;Valentina;Valentina;SEASHELLS;594.0;7
1;30893.0;Valentina;Vinnie;SEASHELLS;589.0;16
1;30917.0;Valentina;Ruby;SEASHELLS;586.0;13
1;30923.0;Valentina;Rhianna;SEASHELLS;591.0;8
1;30946.0;Valentina;Vinnie;SEASHELLS;587.0;11
1;30947.0;Valentina;Vinnie;SEASHELLS;587.0;16
1;30960.0;Valentina;Ruby;SEASHELLS;586.0;12
1;30964.0;Ruby;Valentina;SEASHELLS;589.0;11
1;30964.0;Valentina;Vinnie;SEASHELLS;588.0;12
1;30967.0;Ruby;Valentina;SEASHELLS;593.0;18
1;30971.0;Valentina;Vinnie;SEASHELLS;592.0;17
1;30978.0;Valentina;Ruby;SEASHELLS;590.0;18
1;30980.0;Valentina;Vinnie;SEASHELLS;587.0;14
1;30997.0;Valentina;Vinnie;SEASHELLS;594.0;13
1;30998.0;Valentina;Vinnie;SEASHELLS;592.0;20
1;31014.0;Valentina;Vinnie;SEASHELLS;600.0;14
1;31016.0;Vladimir;Ruby;SEASHELLS;602.0;14
1;31016.0;Valentina;Rhianna;SEASHELLS;602.0;10
1;31016.0;Valentina;Ruby;SEASHELLS;602.0;5
1;31025.0;Valentina;Vinnie;SEASHELLS;601.0;15
1;31025.0;Vladimir;Vinnie;SEASHELLS;601.0;5
1;31035.0;Valentina;Vinnie;SEASHELLS;603.0;11
1;31037.0;Valentina;Vinnie;SEASHELLS;601.0;13
1;31051.0;Ruby;Valentina;SEASHELLS;612.0;15
1;31086.0;Valentina;Ruby;SEASHELLS;607.0;11
1;31090.0;Valentina;Vinnie;SEASHELLS;609.0;18
1;31093.0;Valentina;Rhianna;SEASHELLS;611.0;13
1;31126.0;Valentina;Vinnie;SEASHELLS;619.0;16
1;31136.0;Valentina;Vinnie;SEASHELLS;619.0;14
1;31138.0;Ruby;Valentina;SEASHELLS;617.0;10
1;31149.0;Valentina;Ruby;SEASHELLS;610.0;13
1;31168.0;Valentina;Ruby;SEASHELLS;612.0;14
1;31178.0;Valentina;Vinnie;SEASHELLS;613.0;13
1;31220.0;Valentina;Vinnie;SEASHELLS;617.0;12
1;31228.0;Valentina;Vinnie;SEASHELLS;613.0;17
1;31233.0;Valentina;Vinnie;SEASHELLS;613.0;17
1;31249.0;Ruby;Valentina;SEASHELLS;622.0;20
1;31249.0;Valentina;Vinnie;SEASHELLS;621.0;11
1;31262.0;Valentina;Rhianna;SEASHELLS;620.0;10
1;31305.0;Valentina;Vinnie;SEASHELLS;622.0;20
1;31324.0;Valentina;Valentina;SEASHELLS;617.0;8
1;31336.0;Valentina;Rhianna;SEASHELLS;618.0;7
1;31352.0;Valentina;Ruby;SEASHELLS;620.0;13
1;31352.0;Valentina;Rhianna;SEASHELLS;620.0;6
1;31358.0;Valentina;Vinnie;SEASHELLS;621.0;10
1;31362.0;Valentina;Vinnie;SEASHELLS;623.0;10
1;31379.0;Ruby;Valentina;SEASHELLS;615.0;16
1;31398.0;Valentina;Ruby;SEASHELLS;615.0;12
1;31400.0;Valentina;Rhianna;SEASHELLS;616.0;7
1;31413.0;Valentina;Ruby;SEASHELLS;615.0;17
1;31437.0;Valentina;Rhianna;SEASHELLS;613.0;6
1;31444.0;Valentina;Vinnie;SEASHELLS;613.0;10
1;31455.0;Valentina;Vinnie;SEASHELLS;611.0;17
1;31455.0;Vladimir;Vinnie;SEASHELLS;611.0;2
1;31515.0;Valentina;Rhianna;SEASHELLS;613.0;11
1;31527.0;Valentina;Vinnie;SEASHELLS;608.0;10
1;31537.0;Ruby;Valentina;SEASHELLS;608.0;13
1;31538.0;Valentina;Vinnie;SEASHELLS;608.0;18
1;31539.0;Valentina;Vinnie;SEASHELLS;609.0;19
1;31570.0;Valentina;Valentina;SEASHELLS;607.0;5
1;31584.0;Valentina;Vinnie;SEASHELLS;605.0;15
1;31586.0;Valentina;Vinnie;SEASHELLS;603.0;15
1;31600.0;Ruby;Valentina;SEASHELLS;601.0;10
1;31607.0;Vinnie;Vinnie;SEASHELLS;602.0;2
1;31607.0;Vladimir;Vinnie;SEASHELLS;602.0;15
1;31607.0;Vladimir;Vinnie;SEASHELLS;602.0;3
1;31624.0;Vinnie;Ruby;SEASHELLS;601.0;2
1;31624.0;Valentina;Ruby;SEASHELLS;601.0;5
1;31624.0;Valentina;Vinnie;SEASHELLS;601.0;12
1;31624.0;Vladimir;Ruby;SEASHELLS;601.0;12
1;31625.0;Valentina;Vinnie;SEASHELLS;603.0;17
1;31636.0;Ruby;Valentina;SEASHELLS;605.0;16
1;31656.0;Vladimir;Vinnie;SEASHELLS;604.0;2
1;31656.0;Valentina;Vinnie;SEASHELLS;604.0;17
1;31657.0;Valentina;Valentina;SEASHELLS;605.0;4
1;31659.0;Valentina;Vinnie;SEASHELLS;605.0;19
1;31666.0;Valentina;Vinnie;SEASHELLS;603.0;12
1;31669.0;Ruby;Valentina;SEASHELLS;600.0;15
1;31669.0;Valentina;Vinnie;SEASHELLS;599.0;12
1;31676.0;Valentina;Vinnie;SEASHELLS;597.0;13
1;31710.0;Valentina;Vinnie;SEASHELLS;595.0;10
1;31711.0;Valentina;Vinnie;SEASHELLS;593.0;12
1;31716.0;Valentina;Vinnie;SEASHELLS;593.0;15
1;31728.0;Valentina;Vinnie;SEASHELLS;591.0;19
1;31730.0;Ruby;Valentina;SEASHELLS;596.0;20
1;31739.0;Valentina;Ruby;SEASHELLS;596.0;10
1;31748.0;Ruby;Valentina;SEASHELLS;600.0;11
1;31749.0;Valentina;Valentina;SEASHELLS;599.0;8
1;31750.0;Vladimir;Ruby;SEASHELLS;600.0;10
1;31750.0;Valentina;Ruby;SEASHELLS;600.0;8
1;31750.0;Valentina;Vinnie;SEASHELLS;600.0;12
1;31751.0;Valentina;Vinnie;SEASHELLS;598.0;15
1;31765.0;Valentina;Valentina;SEASHELLS;596.0;9
1;31792.0;Valentina;Vinnie;SEASHELLS;596.0;17
1;31792.0;Vladimir;Vinnie;SEASHELLS;596.0;3
1;31815.0;Valentina;Vinnie;SEASHELLS;599.0;15
1;31817.0;Valentina;Vinnie;SEASHELLS;596.0;14
1;31822.0;Valentina;Vinnie;SEASHELLS;597.0;12
1;31827.0;Valentina;Vinnie;SEASHELLS;599.0;16
1;31850.0;Valentina;Ruby;SEASHELLS;604.0;12
1;31852.0;Valentina;Vinnie;SEASHELLS;603.0;19
1;31853.0;Valentina;Vinnie;SEASHELLS;605.0;10
1;31856.0;Valentina;Valentina;SEASHELLS;604.0;6
1;31857.0;Valentina;Rhianna;SEASHELLS;604.0;14
1;31885.0;Valentina;Vinnie;SEASHELLS;598.0;12
1;31896.0;Valentina;Rhianna;SEASHELLS;596.0;13
1;31904.0;Ruby;Valentina;SEASHELLS;594.0;19
1;31908.0;Valentina;Valentina;SEASHELLS;595.0;6
1;31921.0;Valentina;Valentina;SEASHELLS;600.0;4
1;31933.0;Valentina;Rhianna;SEASHELLS;607.0;13
1;31934.0;Valentina;Vinnie;SEASHELLS;609.0;18
1;31941.0;Valentina;Rhianna;SEASHELLS;610.0;12
1;31942.0;Valentina;Vinnie;SEASHELLS;611.0;11
1;32008.0;Valentina;Vinnie;SEASHELLS;616.0;15
1;32016.0;Valentina;Vinnie;SEASHELLS;615.0;10
1;32052.0;Vladimir;Ruby;SEASHELLS;611.0;2
1;32052.0;Valentina;Ruby;SEASHELLS;611.0;18
1;32056.0;Valentina;Valentina;SEASHELLS;610.0;8
1;32078.0;Valentina;Vinnie;SEASHELLS;599.0;13
1;32079.0;Valentina;Ruby;SEASHELLS;600.0;14
1;32079.0;Valentina;Rhianna;SEASHELLS;600.0;6
1;32084.0;Ruby;Valentina;SEASHELLS;597.0;17
1;32087.0;Ruby;Valentina;SEASHELLS;598.0;16
1;32092.0;Valentina;Rhianna;SEASHELLS;593.0;8
1;32102.0;Ruby;Valentina;SEASHELLS;592.0;20
1;32107.0;Valentina;Vinnie;SEASHELLS;590.0;13
1;32123.0;Valentina;Ruby;SEASHELLS;592.0;10
1;32129.0;Valentina;Rhianna;SEASHELLS;589.0;15
1;32142.0;Valentina;Valentina;SEASHELLS;589.0;6
1;32144.0;Valentina;Vinnie;SEASHELLS;591.0;18
1;32149.0;Valentina;Vinnie;SEASHELLS;592.0;16
1;32150.0;Valentina;Valentina;SEASHELLS;593.0;8
1;32162.0;Valentina;Vinnie;SEASHELLS;596.0;19
1;32163.0;Valentina;Vinnie;SEASHELLS;596.0;17
1;32163.0;Vladimir;Vinnie;SEASHELLS;596.0;2
1;32170.0;Vladimir;Vinnie;SEASHELLS;600.0;2
1;32170.0;Valentina;Vinnie;SEASHELLS;600.0;18
1;32207.0;Valentina;Valentina;SEASHELLS;608.0;9
1;32220.0;Valentina;Ruby;SEASHELLS;608.0;11
1;32234.0;Valentina;Valentina;SEASHELLS;617.0;4
1;32242.0;Vladimir;Vinnie;SEASHELLS;614.0;5
1;32242.0;Valentina;Vinnie;SEASHELLS;614.0;15
1;32245.0;Valentina;Vinnie;SEASHELLS;616.0;20
1;32252.0;Valentina;Vinnie;SEASHELLS;613.0;12
1;32269.0;Valentina;Vinnie;SEASHELLS;610.0;11
1;32281.0;Valentina;Rhianna;SEASHELLS;612.0;8
1;32290.0;Valentina;Ruby;SEASHELLS;613.0;15
1;32291.0;Valentina;Vinnie;SEASHELLS;613.0;13
1;32314.0;Valentina;Vinnie;SEASHELLS;624.0;10
1;32320.0;Valentina;Rhianna;SEASHELLS;623.0;13
1;32321.0;Valentina;Vinnie;SEASHELLS;623.0;14
1;32342.0;Valentina;Vinnie;SEASHELLS;627.0;16
1;32347.0;Valentina;Vinnie;SEASHELLS;619.0;10
1;32348.0;Valentina;Vinnie;SEASHELLS;620.0;12
1;32351.0;Ruby;Valentina;SEASHELLS;626.0;14
1;32352.0;Valentina;Vinnie;SEASHELLS;625.0;10
1;32354.0;Valentina;Vinnie;SEASHELLS;624.0;10
1;32367.0;Valentina;Vinnie;SEASHELLS;629.0;14
1;32369.0;Valentina;Rhianna;SEASHELLS;629.0;5
1;32373.0;Valentina;Vinnie;SEASHELLS;628.0;13
1;32385.0;Valentina;Vinnie;SEASHELLS;637.0;11
1;32389.0;Valentina;Valentina;SEASHELLS;637.0;6
1;32389.0;Valentina;Vinnie;SEASHELLS;636.0;13
1;32390.0;Valentina;Rhianna;SEASHELLS;637.0;8
1;32400.0;Valentina;Vinnie;SEASHELLS;638.0;10
1;32429.0;Valentina;Rhianna;SEASHELLS;641.0;13
1;32433.0;Valentina;Vinnie;SEASHELLS;638.0;11
1;32434.0;Valentina;Vinnie;SEASHELLS;635.0;16
1;32448.0;Valentina;Ruby;SEASHELLS;634.0;18
1;32468.0;Valentina;Ruby;SEASHELLS;635.0;17
1;32468.0;Vladimir;Ruby;SEASHELLS;635.0;2
1;32469.0;Valentina;Rhianna;SEASHELLS;634.0;5
1;32484.0;Valentina;Rhianna;SEASHELLS;627.0;8
1;32496.0;Valentina;Vinnie;SEASHELLS;627.0;14
1;32505.0;Valentina;Vinnie;SEASHELLS;624.0;13
1;32510.0;Valentina;Vinnie;SEASHELLS;626.0;18
1;32514.0;Vladimir;Vinnie;SEASHELLS;629.0;2
1;32514.0;Valentina;Vinnie;SEASHELLS;629.0;15
1;32543.0;Ruby;Valentina;SEASHELLS;633.0;15
1;32550.0;Ruby;Valentina;SEASHELLS;631.0;14
1;32563.0;Vladimir;Ruby;SEASHELLS;629.0;4
1;32563.0;Valentina;Ruby;SEASHELLS;629.0;16
1;32569.0;Valentina;Vinnie;SEASHELLS;631.0;11
1;32576.0;Ruby;Valentina;SEASHELLS;629.0;15
1;32577.0;Valentina;Vinnie;SEASHELLS;627.0;16
1;32589.0;Valentina;Valentina;SEASHELLS;632.0;4
1;32634.0;Valentina;Vinnie;SEASHELLS;645.0;19
1;32638.0;Valentina;Vinnie;SEASHELLS;646.0;15
1;32645.0;Valentina;Vinnie;SEASHELLS;647.0;12
1;32646.0;Valentina;Ruby;SEASHELLS;647.0;10
1;32656.0;Valentina;Vinnie;SEASHELLS;646.0;12
1;32662.0;Valentina;Vinnie;SEASHELLS;644.0;13
1;32683.0;Ruby;Valentina;SEASHELLS;652.0;15
1;32685.0;Valentina;Ruby;SEASHELLS;653.0;10
1;32691.0;Valentina;Vinnie;SEASHELLS;652.0;10
1;32692.0;Valentina;Ruby;SEASHELLS;651.0;10
1;32696.0;Valentina;Vinnie;SEASHELLS;651.0;15
1;32711.0;Vladimir;Ruby;SEASHELLS;653.0;14
1;32717.0;Valentina;Ruby;SEASHELLS;647.0;13
1;32729.0;Valentina;Valentina;SEASHELLS;644.0;6
1;32743.0;Valentina;Vinnie;SEASHELLS;651.0;12
1;32749.0;Ruby;Valentina;SEASHELLS;649.0;17
1;32751.0;Valentina;Vinnie;SEASHELLS;645.0;16
1;32761.0;Valentina;Vinnie;SEASHELLS;650.0;13
1;32770.0;Ruby;Valentina;SEASHELLS;644.0;13
1;32771.0;Valentina;Vinnie;SEASHELLS;644.0;13
1;32772.0;Valentina;Vinnie;SEASHELLS;643.0;13
1;32782.0;Valentina;Vinnie;SEASHELLS;640.0;18
1;32786.0;Ruby;Valentina;SEASHELLS;642.0;15
1;32798.0;Ruby;Valentina;SEASHELLS;645.0;20
1;32826.0;Valentina;Valentina;SEASHELLS;647.0;6
1;32849.0;Valentina;Rhianna;SEASHELLS;648.0;11
1;32858.0;Valentina;Ruby;SEASHELLS;650.0;14
1;32860.0;Valentina;Rhianna;SEASHELLS;648.0;10
1;32861.0;Valentina;Vinnie;SEASHELLS;648.0;14
1;32867.0;Valentina;Ruby;SEASHELLS;651.0;13
1;32878.0;Valentina;Ruby;SEASHELLS;652.0;17
1;32881.0;Valentina;Valentina;SEASHELLS;654.0;4
1;32915.0;Valentina;Vinnie;SEASHELLS;657.0;10
1;32917.0;Valentina;Vinnie;SEASHELLS;654.0;20
1;32925.0;Valentina;Rhianna;SEASHELLS;657.0;7
1;32938.0;Valentina;Vinnie;SEASHELLS;660.0;15
1;32942.0;Valentina;Rhianna;SEASHELLS;664.0;6
1;32957.0;Valentina;Valentina;SEASHELLS;663.0;9
1;32969.0;Valentina;Valentina;SEASHELLS;669.0;7
1;32970.0;Valentina;Rhianna;SEASHELLS;670.0;11
1;32973.0;Ruby;Vinnie;SEASHELLS;670.0;2
1;32982.0;Valentina;Vinnie;SEASHELLS;669.0;20
1;32990.0;Valentina;Vinnie;SEASHELLS;670.0;15
1;32991.0;Rhianna;Vladimir;SEASHELLS;668.0;5
1;32991.0;Valentina;Valentina;SEASHELLS;667.0;9
1;33000.0;Valentina;Valentina;SEASHELLS;669.0;6
1;33028.0;Ruby;Valentina;SEASHELLS;671.0;11
1;33029.0;Valentina;Ruby;SEASHELLS;670.0;12
1;33037.0;Valentina;Vinnie;SEASHELLS;671.0;18
1;33047.0;Valentina;Vinnie;SEASHELLS;672.0;14
1;33056.0;Valentina;Vinnie;SEASHELLS;672.0;11
1;33061.0;Valentina;Vinnie;SEASHELLS;674.0;10
1;33083.0;Valentina;Vinnie;SEASHELLS;662.0;19
1;33087.0;Valentina;Ruby;SEASHELLS;664.0;14
1;33107.0;Valentina;Vinnie;SEASHELLS;661.0;13
1;33114.0;Valentina;Vinnie;SEASHELLS;658.0;12
1;33143.0;Valentina;Vinnie;SEASHELLS;659.0;11
1;33151.0;Valentina;Vinnie;SEASHELLS;660.0;5
1;33191.0;Valentina;Vinnie;SEASHELLS;664.0;10
1;33195.0;Ruby;Vladimir;SEASHELLS;666.0;3
1;33195.0;Ruby;Valentina;SEASHELLS;666.0;15
1;33195.0;Valentina;Vinnie;SEASHELLS;665.0;15
1;33228.0;Valentina;Rhianna;SEASHELLS;665.0;11
1;33259.0;Valentina;Vinnie;SEASHELLS;663.0;18
1;33260.0;Valentina;Vinnie;SEASHELLS;662.0;15
1;33297.0;Valentina;Vinnie;SEASHELLS;671.0;14
1;33316.0;Valentina;Vinnie;SEASHELLS;679.0;18
1;33317.0;Valentina;Vinnie;SEASHELLS;679.0;14
1;33328.0;Valentina;Vinnie;SEASHELLS;678.0;13
1;33328.0;Valentina;Valentina;SEASHELLS;678.0;6
1;33330.0;Valentina;Valentina;SEASHELLS;680.0;4
1;33334.0;Ruby;Valentina;SEASHELLS;683.0;15
1;33353.0;Ruby;Valentina;SEASHELLS;677.0;13
1;33354.0;Valentina;Vinnie;SEASHELLS;677.0;16
1;33358.0;Valentina;Vinnie;SEASHELLS;675.0;14
1;33364.0;Valentina;Ruby;SEASHELLS;674.0;15
1;33377.0;Valentina;Vinnie;SEASHELLS;666.0;16
1;33406.0;Valentina;Vinnie;SEASHELLS;666.0;19
1;33409.0;Valentina;Vinnie;SEASHELLS;666.0;18
1;33412.0;Valentina;Ruby;SEASHELLS;664.0;18
1;33412.0;Vladimir;Ruby;SEASHELLS;664.0;2
1;33419.0;Rhianna;Vinnie;SEASHELLS;663.0;1
1;33423.0;Valentina;Vinnie;SEASHELLS;662.0;15
1;33440.0;Ruby;Valentina;SEASHELLS;659.0;12
1;33448.0;Valentina;Rhianna;SEASHELLS;657.0;9
1;33457.0;Valentina;Rhianna;SEASHELLS;654.0;14
1;33464.0;Valentina;Vinnie;SEASHELLS;659.0;15
1;33468.0;Valentina;Rhianna;SEASHELLS;660.0;6
1;33492.0;Valentina;Vinnie;SEASHELLS;653.0;19
1;33509.0;Valentina;Valentina;SEASHELLS;653.0;6
1;33517.0;Ruby;Vladimir;SEASHELLS;661.0;2
1;33517.0;Ruby;Valentina;SEASHELLS;661.0;17
1;33522.0;Valentina;Vinnie;SEASHELLS;664.0;12
1;33523.0;Valentina;Vinnie;SEASHELLS;664.0;16
1;33529.0;Valentina;Vinnie;SEASHELLS;667.0;16
1;33529.0;Valentina;Ruby;SEASHELLS;667.0;10
1;33529.0;Vladimir;Ruby;SEASHELLS;667.0;9
1;33542.0;Valentina;Vinnie;SEASHELLS;664.0;11
1;33549.0;Valentina;Rhianna;SEASHELLS;664.0;15
1;33555.0;Valentina;Ruby;SEASHELLS;659.0;13
1;33564.0;Valentina;Ruby;SEASHELLS;667.0;12
1;33574.0;Valentina;Vinnie;SEASHELLS;664.0;11
1;33576.0;Valentina;Vinnie;SEASHELLS;666.0;14
1;33580.0;Valentina;Rhianna;SEASHELLS;671.0;11
1;33595.0;Valentina;Ruby;SEASHELLS;676.0;11
1;33598.0;Valentina;Vinnie;SEASHELLS;676.0;10
1;33603.0;Valentina;Vinnie;SEASHELLS;671.0;17
1;33628.0;Vladimir;Vinnie;SEASHELLS;676.0;4
1;33628.0;Valentina;Vinnie;SEASHELLS;676.0;15
1;33639.0;Valentina;Valentina;SEASHELLS;678.0;9
1;33641.0;Valentina;Vinnie;SEASHELLS;682.0;20
1;33642.0;Valentina;Vinnie;SEASHELLS;683.0;20
1;33653.0;Valentina;Ruby;SEASHELLS;681.0;15
1;33655.0;Ruby;Valentina;SEASHELLS;680.0;15
1;33674.0;Valentina;Vinnie;SEASHELLS;681.0;15
1;33674.0;Vladimir;Vinnie;SEASHELLS;681.0;3
1;33702.0;Valentina;Rhianna;SEASHELLS;674.0;9
1;33719.0;Vladimir;Vinnie;SEASHELLS;682.0;1
1;33719.0;Valentina;Vinnie;SEASHELLS;682.0;17
1;33721.0;Valentina;Vinnie;SEASHELLS;681.0;13
1;33738.0;Valentina;Valentina;SEASHELLS;674.0;8
1;33739.0;Valentina;Vinnie;SEASHELLS;673.0;14
1;33775.0;Vladimir;Vinnie;SEASHELLS;671.0;13
1;33790.0;Vladimir;Vinnie;SEASHELLS;670.0;14
1;33796.0;Ruby;Valentina;SEASHELLS;668.0;13
1;33806.0;Valentina;Ruby;SEASHELLS;667.0;13
1;33811.0;Ruby;Valentina;SEASHELLS;671.0;18
1;33822.0;Valentina;Vinnie;SEASHELLS;672.0;12
1;33831.0;Valentina;Vinnie;SEASHELLS;671.0;17
1;33851.0;Valentina;Vinnie;SEASHELLS;671.0;14
1;33852.0;Valentina;Vinnie;SEASHELLS;672.0;19
1;33900.0;Valentina;Vinnie;SEASHELLS;680.0;13
1;33917.0;Valentina;Vinnie;SEASHELLS;681.0;10
1;33917.0;Valentina;Ruby;SEASHELLS;681.0;15
1;33921.0;Valentina;Vinnie;SEASHELLS;680.0;13
1;33924.0;Valentina;Vinnie;SEASHELLS;679.0;19
1;33932.0;Valentina;Vinnie;SEASHELLS;677.0;15
1;33941.0;Valentina;Vinnie;SEASHELLS;684.0;13
1;33957.0;Valentina;Valentina;SEASHELLS;682.0;8
1;33962.0;Valentina;Vinnie;SEASHELLS;686.0;20
1;33969.0;Valentina;Vinnie;SEASHELLS;683.0;17
1;33972.0;Ruby;Valentina;SEASHELLS;682.0;10
1;33985.0;Valentina;Valentina;SEASHELLS;683.0;5
1;33985.0;Valentina;Vinnie;SEASHELLS;683.0;10
1;33989.0;Valentina;Rhianna;SEASHELLS;680.0;14
1;33992.0;Valentina;Vinnie;SEASHELLS;686.0;10
1;34020.0;Ruby;Valentina;SEASHELLS;669.0;19
1;34022.0;Valentina;Vinnie;SEASHELLS;669.0;10
1;34042.0;Valentina;Vinnie;SEASHELLS;670.0;19
1;34043.0;Valentina;Valentina;SEASHELLS;670.0;5
1;34057.0;Valentina;Vinnie;SEASHELLS;665.0;19
1;34063.0;Rhianna;Vinnie;SEASHELLS;664.0;14
1;34063.0;Vladimir;Vinnie;SEASHELLS;664.0;2
1;34081.0;Valentina;Vinnie;SEASHELLS;664.0;20
1;34089.0;Valentina;Vinnie;SEASHELLS;665.0;12
1;34092.0;Valentina;Ruby;SEASHELLS;668.0;11
1;34097.0;Ruby;Valentina;SEASHELLS;668.0;14
1;34097.0;Valentina;Vinnie;SEASHELLS;667.0;18
1;34116.0;Valentina;Vinnie;SEASHELLS;673.0;16
1;34125.0;Valentina;Ruby;SEASHELLS;670.0;16
1;34125.0;Vladimir;Ruby;SEASHELLS;670.0;1
1;34128.0;Valentina;Valentina;SEASHELLS;667.0;7
1;34135.0;Valentina;Vinnie;SEASHELLS;669.0;18
1;34135.0;Vladimir;Vinnie;SEASHELLS;669.0;2
1;34145.0;Valentina;Vinnie;SEASHELLS;671.0;14
1;34147.0;Valentina;Rhianna;SEASHELLS;670.0;10
1;34150.0;Valentina;Rhianna;SEASHELLS;669.0;5
1;34152.0;Valentina;Ruby;SEASHELLS;669.0;19
1;34169.0;Valentina;Ruby;SEASHELLS;665.0;13
1;34191.0;Valentina;Vinnie;SEASHELLS;670.0;16
1;34191.0;Vladimir;Vinnie;SEASHELLS;670.0;2
1;34226.0;Valentina;Valentina;SEASHELLS;676.0;4
1;34234.0;Valentina;Vinnie;SEASHELLS;676.0;13
1;34235.0;Valentina;Vinnie;SEASHELLS;675.0;12
1;34243.0;Valentina;Rhianna;SEASHELLS;676.0;11
1;34256.0;Valentina;Vinnie;SEASHELLS;675.0;10
1;34265.0;Valentina;Rhianna;SEASHELLS;680.0;13
1;34273.0;Valentina;Vinnie;SEASHELLS;677.0;18
1;34277.0;Ruby;Valentina;SEASHELLS;680.0;10
1;34287.0;Valentina;Vinnie;SEASHELLS;677.0;15
1;34318.0;Valentina;Rhianna;SEASHELLS;686.0;15
1;34333.0;Valentina;Vinnie;SEASHELLS;679.0;11
1;34336.0;Ruby;Valentina;SEASHELLS;682.0;19
1;34348.0;Ruby;Valentina;SEASHELLS;683.0;16
1;34372.0;Valentina;Vinnie;SEASHELLS;691.0;16
1;34385.0;Vladimir;Ruby;SEASHELLS;690.0;1
1;34385.0;Valentina;Ruby;SEASHELLS;690.0;16
1;34386.0;Valentina;Vinnie;SEASHELLS;689.0;19
1;34400.0;Valentina;Vinnie;SEASHELLS;693.0;17
1;34411.0;Vladimir;Vinnie;SEASHELLS;689.0;10
1;34416.0;Valentina;Valentina;SEASHELLS;686.0;7
1;34422.0;Valentina;Vinnie;SEASHELLS;681.0;11
1;34441.0;Valentina;Vinnie;SEASHELLS;682.0;17
1;34445.0;Valentina;Rhianna;SEASHELLS;682.0;10
1;34448.0;Valentina;Valentina;SEASHELLS;684.0;4
1;34455.0;Valentina;Vinnie;SEASHELLS;680.0;18
1;34459.0;Valentina;Ruby;SEASHELLS;680.0;19
1;34485.0;Valentina;Rhianna;SEASHELLS;676.0;6
1;34496.0;Valentina;Ruby;SEASHELLS;676.0;19
1;34501.0;Valentina;Vinnie;SEASHELLS;672.0;19
1;34505.0;Valentina;Ruby;SEASHELLS;672.0;11
1;34507.0;Valentina;Vinnie;SEASHELLS;673.0;10
1;34515.0;Valentina;Ruby;SEASHELLS;678.0;13
1;34516.0;Valentina;Rhianna;SEASHELLS;677.0;6
1;34522.0;Valentina;Vinnie;SEASHELLS;675.0;11
1;34523.0;Valentina;Vinnie;SEASHELLS;677.0;20
1;34523.0;Ruby;Valentina;SEASHELLS;678.0;20
1;34524.0;Valentina;Vinnie;SEASHELLS;676.0;15
1;34534.0;Ruby;Valentina;SEASHELLS;680.0;19
1;34544.0;Valentina;Valentina;SEASHELLS;683.0;4
1;34544.0;Valentina;Ruby;SEASHELLS;683.0;11
1;34553.0;Valentina;Valentina;SEASHELLS;681.0;7
1;34578.0;Valentina;Vinnie;SEASHELLS;683.0;18
1;34585.0;Valentina;Valentina;SEASHELLS;687.0;5
1;34606.0;Valentina;Vinnie;SEASHELLS;683.0;18
1;34614.0;Vladimir;Vinnie;SEASHELLS;691.0;2
1;34614.0;Valentina;Vinnie;SEASHELLS;691.0;16
1;34623.0;Valentina;Vinnie;SEASHELLS;683.0;13
1;34623.0;Ruby;Valentina;SEASHELLS;684.0;17
1;34636.0;Valentina;Vinnie;SEASHELLS;682.0;10
1;34638.0;Ruby;Valentina;SEASHELLS;683.0;19
1;34653.0;Valentina;Vinnie;SEASHELLS;684.0;15
1;34654.0;Ruby;Valentina;SEASHELLS;686.0;17
1;34660.0;Ruby;Valentina;SEASHELLS;685.0;16
1;34665.0;Valentina;Vinnie;SEASHELLS;679.0;12
1;34666.0;Ruby;Valentina;SEASHELLS;681.0;14
1;34674.0;Valentina;Rhianna;SEASHELLS;677.0;8
1;34675.0;Valentina;Vinnie;SEASHELLS;676.0;14
1;34677.0;Valentina;Rhianna;SEASHELLS;677.0;7
1;34684.0;Valentina;Vinnie;SEASHELLS;673.0;17
1;34710.0;Ruby;Valentina;SEASHELLS;664.0;17
1;34720.0;Valentina;Vinnie;SEASHELLS;668.0;15
1;34723.0;Valentina;Valentina;SEASHELLS;669.0;4
1;34726.0;Valentina;Vinnie;SEASHELLS;666.0;15
1;34726.0;Vladimir;Vinnie;SEASHELLS;666.0;1
1;34744.0;Valentina;Rhianna;SEASHELLS;667.0;13
1;34767.0;Valentina;Vinnie;SEASHELLS;658.0;13
1;34767.0;Ruby;Valentina;SEASHELLS;659.0;17
1;34789.0;Ruby;Valentina;SEASHELLS;657.0;18
1;34789.0;Ruby;Vladimir;SEASHELLS;657.0;2
1;34790.0;Valentina;Vinnie;SEASHELLS;657.0;16
1;34805.0;Valentina;Vinnie;SEASHELLS;665.0;16
1;34811.0;Valentina;Vinnie;SEASHELLS;662.0;10
1;34812.0;Vinnie;Valentina;SEASHELLS;662.0;9
1;34830.0;Valentina;Vinnie;SEASHELLS;662.0;17
1;34836.0;Valentina;Vinnie;SEASHELLS;662.0;13
1;34843.0;Valentina;Vinnie;SEASHELLS;663.0;14
1;34856.0;Valentina;Ruby;SEASHELLS;664.0;13
1;34857.0;Valentina;Ruby;SEASHELLS;663.0;12
1;34859.0;Ruby;Valentina;SEASHELLS;663.0;12
1;34899.0;Valentina;Ruby;SEASHELLS;665.0;18
1;34947.0;Valentina;Vinnie;SEASHELLS;657.0;10
1;34986.0;Valentina;Vinnie;SEASHELLS;669.0;14
1;35000.0;Valentina;Vinnie;SEASHELLS;670.0;19
1;35040.0;Ruby;Valentina;SEASHELLS;675.0;20
1;35041.0;Valentina;Valentina;SEASHELLS;674.0;7
1;35059.0;Valentina;Ruby;SEASHELLS;672.0;10
1;35080.0;Valentina;Vinnie;SEASHELLS;666.0;11
1;35089.0;Valentina;Vinnie;SEASHELLS;667.0;18
1;35109.0;Valentina;Vinnie;SEASHELLS;661.0;15
1;35138.0;Ruby;Valentina;SEASHELLS;664.0;16
1;35156.0;Valentina;Vinnie;SEASHELLS;667.0;19
1;35157.0;Vladimir;Ruby;SEASHELLS;669.0;3
1;35157.0;Valentina;Ruby;SEASHELLS;669.0;16
1;35182.0;Valentina;Ruby;SEASHELLS;664.0;11
1;35189.0;Valentina;Rhianna;SEASHELLS;665.0;8
1;35190.0;Valentina;Vinnie;SEASHELLS;665.0;15
1;35193.0;Valentina;Vinnie;SEASHELLS;663.0;17
1;35194.0;Valentina;Rhianna;SEASHELLS;665.0;14
1;35222.0;Ruby;Valentina;SEASHELLS;658.0;18
1;35281.0;Valentina;Vinnie;SEASHELLS;666.0;11
1;35295.0;Valentina;Rhianna;SEASHELLS;667.0;13
1;35298.0;Valentina;Vinnie;SEASHELLS;668.0;19
1;35299.0;Valentina;Vinnie;SEASHELLS;670.0;16
1;35299.0;Vladimir;Vinnie;SEASHELLS;670.0;1
1;35311.0;Valentina;Vinnie;SEASHELLS;671.0;18
1;35320.0;Valentina;Ruby;SEASHELLS;673.0;10
1;35322.0;Valentina;Vinnie;SEASHELLS;671.0;12
1;35330.0;Valentina;Vinnie;SEASHELLS;669.0;16
1;35362.0;Valentina;Vinnie;SEASHELLS;678.0;19
1;35376.0;Vladimir;Ruby;SEASHELLS;679.0;6
1;35376.0;Valentina;Vinnie;SEASHELLS;679.0;13
1;35376.0;Valentina;Ruby;SEASHELLS;679.0;10
1;35379.0;Valentina;Vinnie;SEASHELLS;678.0;15
1;35396.0;Valentina;Vinnie;SEASHELLS;680.0;20
1;35400.0;Valentina;Vinnie;SEASHELLS;682.0;19
1;35413.0;Valentina;Valentina;SEASHELLS;682.0;6
1;35429.0;Valentina;Vinnie;SEASHELLS;680.0;11
1;35439.0;Valentina;Valentina;SEASHELLS;677.0;10
1;35441.0;Valentina;Vinnie;SEASHELLS;677.0;16
1;35450.0;Valentina;Vinnie;SEASHELLS;677.0;12
1;35451.0;Valentina;Vinnie;SEASHELLS;677.0;19
1;35460.0;Valentina;Rhianna;SEASHELLS;679.0;13
1;35481.0;Valentina;Vinnie;SEASHELLS;683.0;18
1;35498.0;Valentina;Valentina;SEASHELLS;675.0;5
1;35500.0;Valentina;Rhianna;SEASHELLS;675.0;11
1;35502.0;Valentina;Vinnie;SEASHELLS;672.0;18
1;35520.0;Valentina;Ruby;SEASHELLS;669.0;15
1;35545.0;Valentina;Valentina;SEASHELLS;666.0;7
1;35549.0;Valentina;Rhianna;SEASHELLS;666.0;6
1;35553.0;Valentina;Ruby;SEASHELLS;663.0;13
1;35565.0;Vladimir;Vinnie;SEASHELLS;667.0;1
1;35565.0;Valentina;Vinnie;SEASHELLS;667.0;17
1;35596.0;Valentina;Rhianna;SEASHELLS;663.0;14
1;35607.0;Valentina;Vinnie;SEASHELLS;662.0;18
1;35610.0;Valentina;Vinnie;SEASHELLS;659.0;10
1;35618.0;Valentina;Vinnie;SEASHELLS;660.0;16
1;35650.0;Valentina;Vinnie;SEASHELLS;658.0;10
1;35669.0;Valentina;Vinnie;SEASHELLS;661.0;12
1;35692.0;Valentina;Rhianna;SEASHELLS;651.0;7
1;35707.0;Ruby;Valentina;SEASHELLS;647.0;19
1;35733.0;Valentina;Vinnie;SEASHELLS;640.0;16
1;35733.0;Vladimir;Vinnie;SEASHELLS;640.0;4
1;35773.0;Valentina;Vinnie;SEASHELLS;652.0;15
1;35784.0;Valentina;Vinnie;SEASHELLS;646.0;16
1;35784.0;Vladimir;Vinnie;SEASHELLS;646.0;1
1;35797.0;Valentina;Valentina;SEASHELLS;648.0;10
1;35800.0;Ruby;Valentina;SEASHELLS;650.0;14
1;35800.0;Valentina;Rhianna;SEASHELLS;649.0;9
1;35810.0;Valentina;Vinnie;SEASHELLS;648.0;16
1;35816.0;Valentina;Vladimir;SEASHELLS;651.0;7
1;35825.0;Valentina;Vinnie;SEASHELLS;649.0;10
1;35847.0;Valentina;Vinnie;SEASHELLS;661.0;12
1;35852.0;Vinnie;Vinnie;SEASHELLS;663.0;1
1;35856.0;Valentina;Vinnie;SEASHELLS;663.0;10
1;35881.0;Ruby;Valentina;SEASHELLS;670.0;19
1;35883.0;Valentina;Vinnie;SEASHELLS;669.0;10
1;35891.0;Valentina;Ruby;SEASHELLS;671.0;19
1;35896.0;Valentina;Vinnie;SEASHELLS;671.0;13
1;35936.0;Valentina;Vinnie;SEASHELLS;664.0;17
1;35940.0;Ruby;Valentina;SEASHELLS;664.0;12
1;35975.0;Valentina;Vinnie;SEASHELLS;668.0;13
1;36016.0;Vladimir;Rhianna;SEASHELLS;660.0;9
1;36018.0;Ruby;Valentina;SEASHELLS;661.0;12
1;36034.0;Valentina;Valentina;SEASHELLS;661.0;8
1;36050.0;Ruby;Valentina;SEASHELLS;661.0;15
1;36063.0;Valentina;Rhianna;SEASHELLS;669.0;9
1;36079.0;Valentina;Vinnie;SEASHELLS;673.0;11
1;36081.0;Valentina;Vinnie;SEASHELLS;674.0;14
1;36100.0;Valentina;Vinnie;SEASHELLS;676.0;10
1;36101.0;Valentina;Vinnie;SEASHELLS;675.0;11
1;36106.0;Valentina;Vinnie;SEASHELLS;676.0;16
1;36112.0;Valentina;Vinnie;SEASHELLS;675.0;14
1;36121.0;Vladimir;Vinnie;SEASHELLS;672.0;1
1;36121.0;Valentina;Vinnie;SEASHELLS;672.0;16
1;36137.0;Valentina;Rhianna;SEASHELLS;670.0;11
1;36147.0;Valentina;Vinnie;SEASHELLS;666.0;13
1;36172.0;Valentina;Vinnie;SEASHELLS;652.0;10
1;36174.0;Ruby;Valentina;SEASHELLS;654.0;17
1;36177.0;Ruby;Valentina;SEASHELLS;654.0;19
1;36177.0;Valentina;Vinnie;SEASHELLS;653.0;19
1;36186.0;Valentina;Vinnie;SEASHELLS;655.0;16
1;36193.0;Rhianna;Vladimir;SEASHELLS;652.0;10
1;36200.0;Valentina;Rhianna;SEASHELLS;653.0;5
1;36202.0;Valentina;Vinnie;SEASHELLS;653.0;12
1;36202.0;Valentina;Valentina;SEASHELLS;653.0;7
1;36217.0;Ruby;Valentina;SEASHELLS;649.0;14
1;36226.0;Ruby;Valentina;SEASHELLS;645.0;13
1;36227.0;Valentina;Ruby;SEASHELLS;646.0;11
1;36230.0;Valentina;Vinnie;SEASHELLS;645.0;16
1;36264.0;Ruby;Valentina;SEASHELLS;640.0;15
1;36276.0;Valentina;Vinnie;SEASHELLS;639.0;19
1;36276.0;Vladimir;Vinnie;SEASHELLS;639.0;1
1;36287.0;Valentina;Ruby;SEASHELLS;637.0;18
1;36291.0;Valentina;Vinnie;SEASHELLS;638.0;15
1;36302.0;Valentina;Rhianna;SEASHELLS;639.0;15
1;36323.0;Valentina;Vinnie;SEASHELLS;645.0;15
1;36324.0;Valentina;Rhianna;SEASHELLS;644.0;9
1;36330.0;Valentina;Vinnie;SEASHELLS;639.0;16
1;36349.0;Valentina;Vinnie;SEASHELLS;634.0;17
1;36366.0;Valentina;Vinnie;SEASHELLS;636.0;11
1;36367.0;Valentina;Vinnie;SEASHELLS;635.0;19
1;36379.0;Valentina;Rhianna;SEASHELLS;635.0;14
1;36389.0;Valentina;Vinnie;SEASHELLS;637.0;17
1;36391.0;Ruby;Valentina;SEASHELLS;640.0;20
1;36416.0;Valentina;Valentina;SEASHELLS;635.0;4
1;36424.0;Valentina;Vinnie;SEASHELLS;631.0;15
1;36433.0;Valentina;Vinnie;SEASHELLS;634.0;13
1;36444.0;Valentina;Vinnie;SEASHELLS;631.0;16
1;36444.0;Vladimir;Rhianna;SEASHELLS;631.0;3
1;36444.0;Valentina;Rhianna;SEASHELLS;631.0;11
1;36483.0;Valentina;Vinnie;SEASHELLS;648.0;17
1;36491.0;Vladimir;Vinnie;SEASHELLS;646.0;1
1;36491.0;Valentina;Vinnie;SEASHELLS;646.0;15
1;36492.0;Valentina;Vinnie;SEASHELLS;647.0;16
1;36493.0;Valentina;Vinnie;SEASHELLS;646.0;20
1;36500.0;Valentina;Valentina;SEASHELLS;647.0;10
1;36518.0;Valentina;Valentina;SEASHELLS;651.0;10
1;36540.0;Valentina;Valentina;SEASHELLS;647.0;6
1;36549.0;Valentina;Vinnie;SEASHELLS;653.0;16
1;36549.0;Vladimir;Vinnie;SEASHELLS;653.0;3
1;36554.0;Valentina;Vinnie;SEASHELLS;655.0;20
1;36588.0;Valentina;Rhianna;SEASHELLS;659.0;5
1;36609.0;Valentina;Vinnie;SEASHELLS;658.0;16
1;36617.0;Valentina;Valentina;SEASHELLS;660.0;5
1;36626.0;Valentina;Vinnie;SEASHELLS;667.0;15
1;36633.0;Ruby;Valentina;SEASHELLS;672.0;13
1;36641.0;Valentina;Valentina;SEASHELLS;671.0;10
1;36642.0;Valentina;Vinnie;SEASHELLS;670.0;11
1;36656.0;Valentina;Valentina;SEASHELLS;670.0;10
1;36659.0;Valentina;Vinnie;SEASHELLS;670.0;17
1;36664.0;Valentina;Valentina;SEASHELLS;669.0;7
1;36667.0;Valentina;Valentina;SEASHELLS;668.0;10
1;36669.0;Valentina;Vinnie;SEASHELLS;669.0;12
1;36694.0;Valentina;Rhianna;SEASHELLS;671.0;14
1;36716.0;Valentina;Vinnie;SEASHELLS;671.0;19
1;36735.0;Valentina;Vinnie;SEASHELLS;663.0;14
1;36740.0;Valentina;Valentina;SEASHELLS;661.0;8
1;36751.0;Valentina;Valentina;SEASHELLS;669.0;9
1;36762.0;Valentina;Rhianna;SEASHELLS;671.0;15
1;36788.0;Valentina;Vinnie;SEASHELLS;669.0;15
1;36788.0;Vladimir;Vinnie;SEASHELLS;669.0;1
1;36790.0;Ruby;Valentina;SEASHELLS;670.0;11
1;36795.0;Valentina;Valentina;SEASHELLS;667.0;10
1;36804.0;Vladimir;Vinnie;SEASHELLS;673.0;4
1;36804.0;Valentina;Vinnie;SEASHELLS;673.0;16
1;36814.0;Valentina;Vinnie;SEASHELLS;669.0;15
1;36816.0;Valentina;Ruby;SEASHELLS;667.0;17
1;36832.0;Valentina;Vinnie;SEASHELLS;662.0;12
1;36836.0;Valentina;Vinnie;SEASHELLS;659.0;10
1;36846.0;Valentina;Valentina;SEASHELLS;662.0;5
1;36847.0;Valentina;Vinnie;SEASHELLS;665.0;12
1;36848.0;Ruby;Valentina;SEASHELLS;665.0;20
1;36878.0;Valentina;Rhianna;SEASHELLS;668.0;11
1;36884.0;Valentina;Valentina;SEASHELLS;665.0;6
1;36933.0;Valentina;Vinnie;SEASHELLS;669.0;16
1;36938.0;Valentina;Vinnie;SEASHELLS;672.0;19
1;36941.0;Ruby;Valentina;SEASHELLS;673.0;12
1;36944.0;Valentina;Vinnie;SEASHELLS;674.0;13
1;36983.0;Valentina;Ruby;SEASHELLS;676.0;14
1;37009.0;Valentina;Vinnie;SEASHELLS;680.0;14
1;37013.0;Valentina;Valentina;SEASHELLS;679.0;8
1;37023.0;Valentina;Vinnie;SEASHELLS;683.0;11
1;37031.0;Valentina;Ruby;SEASHELLS;684.0;10
1;37061.0;Valentina;Vinnie;SEASHELLS;677.0;16
1;37068.0;Valentina;Vinnie;SEASHELLS;673.0;19
1;37088.0;Valentina;Vinnie;SEASHELLS;672.0;10
1;37100.0;Valentina;Rhianna;SEASHELLS;676.0;15
1;37104.0;Valentina;Vinnie;SEASHELLS;672.0;14
1;37149.0;Valentina;Vinnie;SEASHELLS;683.0;18
1;37153.0;Valentina;Vinnie;SEASHELLS;681.0;11
1;37159.0;Valentina;Vinnie;SEASHELLS;681.0;11
1;37166.0;Valentina;Rhianna;SEASHELLS;681.0;13
1;37184.0;Valentina;Vinnie;SEASHELLS;681.0;16
1;37184.0;Ruby;Valentina;SEASHELLS;682.0;15
1;37204.0;Valentina;Valentina;SEASHELLS;679.0;6
1;37217.0;Valentina;Vinnie;SEASHELLS;677.0;11
1;37223.0;Vinnie;Vinnie;SEASHELLS;676.0;2
1;37223.0;Rhianna;Vinnie;SEASHELLS;676.0;9
1;37224.0;Valentina;Rhianna;SEASHELLS;674.0;12
1;37233.0;Valentina;Rhianna;SEASHELLS;669.0;10
1;37233.0;Valentina;Valentina;SEASHELLS;669.0;5
1;37240.0;Valentina;Rhianna;SEASHELLS;669.0;6
1;37245.0;Valentina;Vinnie;SEASHELLS;672.0;17
1;37259.0;Valentina;Vinnie;SEASHELLS;665.0;15
1;37262.0;Vladimir;Ruby;SEASHELLS;664.0;2
1;37262.0;Valentina;Ruby;SEASHELLS;664.0;17
1;37307.0;Ruby;Valentina;SEASHELLS;668.0;12
1;37324.0;Valentina;Vinnie;SEASHELLS;665.0;16
1;37329.0;Valentina;Vinnie;SEASHELLS;667.0;14
1;37332.0;Valentina;Vinnie;SEASHELLS;670.0;16
1;37332.0;Vladimir;Vinnie;SEASHELLS;670.0;4
1;37335.0;Valentina;Vinnie;SEASHELLS;671.0;11
1;37338.0;Valentina;Vinnie;SEASHELLS;671.0;12
1;37343.0;Valentina;Vinnie;SEASHELLS;668.0;15
1;37346.0;Valentina;Vinnie;SEASHELLS;668.0;17
1;37348.0;Valentina;Vinnie;SEASHELLS;669.0;15
1;37353.0;Valentina;Vinnie;SEASHELLS;667.0;11
1;37366.0;Valentina;Rhianna;SEASHELLS;669.0;8
1;37394.0;Valentina;Vinnie;SEASHELLS;667.0;11
1;37405.0;Valentina;Rhianna;SEASHELLS;664.0;6
1;37408.0;Valentina;Ruby;SEASHELLS;662.0;16
1;37437.0;Valentina;Vinnie;SEASHELLS;661.0;19
1;37443.0;Valentina;Vinnie;SEASHELLS;662.0;11
1;37447.0;Vladimir;Ruby;SEASHELLS;660.0;2
1;37447.0;Valentina;Ruby;SEASHELLS;660.0;15
1;37452.0;Valentina;Rhianna;SEASHELLS;656.0;15
1;37461.0;Valentina;Ruby;SEASHELLS;658.0;20
1;37481.0;Valentina;Vinnie;SEASHELLS;664.0;11
1;37492.0;Ruby;Valentina;SEASHELLS;669.0;12
1;37497.0;Valentina;Vinnie;SEASHELLS;671.0;20
1;37500.0;Valentina;Valentina;SEASHELLS;668.0;8
1;37517.0;Valentina;Ruby;SEASHELLS;667.0;19
1;37521.0;Valentina;Valentina;SEASHELLS;669.0;9
1;37554.0;Valentina;Vinnie;SEASHELLS;664.0;11
1;37557.0;Valentina;Vinnie;SEASHELLS;661.0;11
1;37559.0;Valentina;Rhianna;SEASHELLS;660.0;10
1;37562.0;Valentina;Vinnie;SEASHELLS;658.0;16
1;37567.0;Valentina;Vinnie;SEASHELLS;659.0;14
1;37587.0;Valentina;Vinnie;SEASHELLS;653.0;13
1;37591.0;Valentina;Vinnie;SEASHELLS;654.0;13
1;37595.0;Valentina;Vinnie;SEASHELLS;652.0;14
1;37598.0;Valentina;Vinnie;SEASHELLS;652.0;13
1;37604.0;Valentina;Ruby;SEASHELLS;658.0;15
1;37615.0;Valentina;Rhianna;SEASHELLS;663.0;9
1;37620.0;Valentina;Ruby;SEASHELLS;659.0;11
1;37646.0;Valentina;Vinnie;SEASHELLS;667.0;18
1;37648.0;Valentina;Vinnie;SEASHELLS;666.0;18
1;37664.0;Valentina;Valentina;SEASHELLS;668.0;6
1;37666.0;Valentina;Rhianna;SEASHELLS;667.0;11
1;37671.0;Valentina;Vinnie;SEASHELLS;667.0;12
1;37696.0;Valentina;Vinnie;SEASHELLS;669.0;13
1;37721.0;Valentina;Valentina;SEASHELLS;663.0;10
1;37721.0;Valentina;Rhianna;SEASHELLS;663.0;7
1;37727.0;Valentina;Ruby;SEASHELLS;660.0;14
1;37728.0;Ruby;Valentina;SEASHELLS;662.0;13
1;37733.0;Valentina;Vinnie;SEASHELLS;667.0;12
1;37740.0;Valentina;Vinnie;SEASHELLS;669.0;11
1;37744.0;Valentina;Vinnie;SEASHELLS;671.0;18
1;37749.0;Valentina;Vinnie;SEASHELLS;670.0;14
1;37750.0;Valentina;Rhianna;SEASHELLS;668.0;15
1;37756.0;Valentina;Vinnie;SEASHELLS;671.0;15
1;37768.0;Ruby;Valentina;SEASHELLS;664.0;10
1;37770.0;Ruby;Valentina;SEASHELLS;667.0;15
1;37775.0;Valentina;Vinnie;SEASHELLS;666.0;14
1;37804.0;Valentina;Vinnie;SEASHELLS;666.0;19
1;37805.0;Vladimir;Vinnie;SEASHELLS;666.0;3
1;37805.0;Valentina;Vinnie;SEASHELLS;666.0;17
1;37806.0;Vladimir;Ruby;SEASHELLS;666.0;7
1;37806.0;Valentina;Vinnie;SEASHELLS;666.0;15
1;37806.0;Valentina;Ruby;SEASHELLS;666.0;13
1;37814.0;Valentina;Vinnie;SEASHELLS;665.0;19
1;37820.0;Valentina;Vinnie;SEASHELLS;667.0;15
1;37821.0;Ruby;Valentina;SEASHELLS;668.0;12
1;37848.0;Ruby;Valentina;SEASHELLS;677.0;10
1;37853.0;Valentina;Vinnie;SEASHELLS;673.0;15
1;37871.0;Valentina;Ruby;SEASHELLS;671.0;18
1;37875.0;Valentina;Vinnie;SEASHELLS;672.0;10
1;37885.0;Valentina;Vinnie;SEASHELLS;668.0;19
1;37887.0;Valentina;Vinnie;SEASHELLS;667.0;10
1;37904.0;Valentina;Vinnie;SEASHELLS;662.0;20
1;37919.0;Valentina;Vinnie;SEASHELLS;664.0;20
1;37950.0;Valentina;Rhianna;SEASHELLS;673.0;6
1;37959.0;Valentina;Vinnie;SEASHELLS;670.0;14
1;37962.0;Vladimir;Ruby;SEASHELLS;670.0;4
1;37962.0;Valentina;Ruby;SEASHELLS;670.0;15
1;37990.0;Valentina;Valentina;SEASHELLS;682.0;7
1;38009.0;Valentina;Vinnie;SEASHELLS;678.0;15
1;38025.0;Valentina;Vinnie;SEASHELLS;682.0;14
1;38031.0;Valentina;Rhianna;SEASHELLS;684.0;15
1;38035.0;Vladimir;Ruby;SEASHELLS;684.0;2
1;38035.0;Valentina;Ruby;SEASHELLS;684.0;12
1;38035.0;Valentina;Vinnie;SEASHELLS;684.0;16
1;38036.0;Valentina;Vinnie;SEASHELLS;687.0;17
1;38048.0;Valentina;Vinnie;SEASHELLS;688.0;10
1;38061.0;Valentina;Valentina;SEASHELLS;688.0;10
1;38087.0;Valentina;Valentina;SEASHELLS;689.0;10
1;38116.0;Valentina;Vinnie;SEASHELLS;682.0;17
1;38140.0;Valentina;Ruby;SEASHELLS;682.0;14
1;38154.0;Valentina;Vinnie;SEASHELLS;680.0;16
1;38164.0;Valentina;Valentina;SEASHELLS;684.0;6
1;38167.0;Valentina;Vinnie;SEASHELLS;690.0;14
1;38203.0;Valentina;Ruby;SEASHELLS;702.0;11
1;38208.0;Valentina;Vinnie;SEASHELLS;699.0;12
1;38212.0;Valentina;Ruby;SEASHELLS;698.0;18
1;38226.0;Valentina;Vinnie;SEASHELLS;695.0;13
1;38228.0;Valentina;Ruby;SEASHELLS;698.0;16
1;38235.0;Ruby;Valentina;SEASHELLS;700.0;11
1;38236.0;Valentina;Vinnie;SEASHELLS;699.0;11
1;38246.0;Valentina;Vinnie;SEASHELLS;699.0;19
1;38247.0;Valentina;Vinnie;SEASHELLS;700.0;13
1;38248.0;Valentina;Vinnie;SEASHELLS;700.0;19
1;38266.0;Valentina;Vinnie;SEASHELLS;697.0;12
1;38305.0;Ruby;Valentina;SEASHELLS;693.0;15
1;38309.0;Valentina;Rhianna;SEASHELLS;692.0;9
1;38326.0;Ruby;Valentina;SEASHELLS;695.0;14
1;38340.0;Vladimir;Vinnie;SEASHELLS;699.0;1
1;38340.0;Valentina;Vinnie;SEASHELLS;699.0;19
1;38346.0;Valentina;Vinnie;SEASHELLS;699.0;16
1;38346.0;Vladimir;Vinnie;SEASHELLS;699.0;2
1;38348.0;Valentina;Vinnie;SEASHELLS;700.0;13
1;38350.0;Valentina;Valentina;SEASHELLS;704.0;4
1;38351.0;Valentina;Vinnie;SEASHELLS;706.0;19
1;38354.0;Valentina;Vinnie;SEASHELLS;705.0;13
1;38368.0;Valentina;Vinnie;SEASHELLS;699.0;14
1;38374.0;Valentina;Vinnie;SEASHELLS;698.0;12
1;38386.0;Valentina;Ruby;SEASHELLS;700.0;16
1;38399.0;Valentina;Vinnie;SEASHELLS;698.0;17
1;38415.0;Valentina;Ruby;SEASHELLS;695.0;15
1;38422.0;Valentina;Vinnie;SEASHELLS;692.0;16
1;38442.0;Valentina;Vinnie;SEASHELLS;694.0;14
1;38447.0;Valentina;Vinnie;SEASHELLS;700.0;19
1;38448.0;Valentina;Valentina;SEASHELLS;699.0;9
1;38451.0;Valentina;Vinnie;SEASHELLS;701.0;12
1;38456.0;Valentina;Vinnie;SEASHELLS;704.0;11
1;38470.0;Valentina;Valentina;SEASHELLS;706.0;7
1;38490.0;Ruby;Valentina;SEASHELLS;702.0;20
1;38496.0;Valentina;Vinnie;SEASHELLS;698.0;16
1;38497.0;Valentina;Valentina;SEASHELLS;700.0;6
1;38543.0;Valentina;Vinnie;SEASHELLS;693.0;13
1;38547.0;Valentina;Vinnie;SEASHELLS;695.0;20
1;38569.0;Valentina;Rhianna;SEASHELLS;691.0;13
1;38580.0;Valentina;Vinnie;SEASHELLS;689.0;10
1;38587.0;Ruby;Valentina;SEASHELLS;692.0;16
1;38587.0;Ruby;Vladimir;SEASHELLS;692.0;1
1;38588.0;Valentina;Vinnie;SEASHELLS;691.0;15
1;38588.0;Vladimir;Vinnie;SEASHELLS;691.0;2
1;38589.0;Valentina;Vinnie;SEASHELLS;691.0;10
1;38591.0;Valentina;Vinnie;SEASHELLS;692.0;11
1;38602.0;Valentina;Vinnie;SEASHELLS;688.0;17
1;38605.0;Valentina;Vinnie;SEASHELLS;689.0;14
1;38638.0;Valentina;Vinnie;SEASHELLS;685.0;19
1;38645.0;Valentina;Vinnie;SEASHELLS;686.0;15
1;38658.0;Vladimir;Vinnie;SEASHELLS;691.0;3
1;38658.0;Valentina;Vinnie;SEASHELLS;691.0;15
1;38661.0;Valentina;Ruby;SEASHELLS;691.0;11
1;38673.0;Valentina;Ruby;SEASHELLS;692.0;14
1;38693.0;Valentina;Ruby;SEASHELLS;695.0;13
1;38710.0;Valentina;Rhianna;SEASHELLS;699.0;14
1;38710.0;Valentina;Ruby;SEASHELLS;699.0;13
1;38718.0;Vladimir;Valentina;SEASHELLS;696.0;4
1;38718.0;Valentina;Vinnie;SEASHELLS;696.0;11
1;38718.0;Valentina;Valentina;SEASHELLS;696.0;5
1;38738.0;Valentina;Vinnie;SEASHELLS;697.0;17
1;38739.0;Ruby;Valentina;SEASHELLS;696.0;10
1;38745.0;Valentina;Rhianna;SEASHELLS;693.0;9
1;38766.0;Valentina;Valentina;SEASHELLS;694.0;4
1;38767.0;Valentina;Ruby;SEASHELLS;695.0;10
1;38788.0;Valentina;Rhianna;SEASHELLS;688.0;5
1;38824.0;Valentina;Valentina;SEASHELLS;684.0;4
1;38826.0;Ruby;Valentina;SEASHELLS;684.0;19
1;38832.0;Valentina;Valentina;SEASHELLS;687.0;10
1;38838.0;Valentina;Valentina;SEASHELLS;689.0;4
1;38858.0;Valentina;Vinnie;SEASHELLS;689.0;17
1;38871.0;Valentina;Ruby;SEASHELLS;683.0;12
1;38891.0;Valentina;Ruby;SEASHELLS;681.0;6
1;38891.0;Vladimir;Ruby;SEASHELLS;681.0;8
1;38891.0;Valentina;Vinnie;SEASHELLS;681.0;14
1;38892.0;Valentina;Vinnie;SEASHELLS;682.0;18
1;38906.0;Valentina;Vinnie;SEASHELLS;679.0;18
1;38926.0;Valentina;Valentina;SEASHELLS;695.0;7
1;38937.0;Ruby;Valentina;SEASHELLS;695.0;19
1;38942.0;Ruby;Valentina;SEASHELLS;692.0;12
1;38947.0;Valentina;Valentina;SEASHELLS;692.0;9
1;38952.0;Valentina;Ruby;SEASHELLS;691.0;19
1;38959.0;Valentina;Vinnie;SEASHELLS;692.0;16
1;38971.0;Valentina;Vinnie;SEASHELLS;695.0;11
1;38974.0;Valentina;Ruby;SEASHELLS;694.0;15
1;38976.0;Valentina;Valentina;SEASHELLS;693.0;6
1;38987.0;Valentina;Vinnie;SEASHELLS;690.0;15
1;39005.0;Valentina;Vinnie;SEASHELLS;691.0;18
1;39011.0;Valentina;Ruby;SEASHELLS;690.0;15
1;39030.0;Valentina;Vinnie;SEASHELLS;689.0;17
1;39035.0;Valentina;Ruby;SEASHELLS;686.0;10
1;39046.0;Valentina;Vinnie;SEASHELLS;685.0;14
1;39047.0;Valentina;Ruby;SEASHELLS;683.0;19
1;39049.0;Valentina;Ruby;SEASHELLS;684.0;7
1;39049.0;Vladimir;Ruby;SEASHELLS;684.0;3
1;39049.0;Valentina;Vinnie;SEASHELLS;684.0;12
1;39054.0;Valentina;Vinnie;SEASHELLS;685.0;18
1;39054.0;Valentina;Rhianna;SEASHELLS;685.0;5
1;39069.0;Valentina;Vinnie;SEASHELLS;678.0;15
1;39080.0;Valentina;Rhianna;SEASHELLS;677.0;11
1;39094.0;Valentina;Vinnie;SEASHELLS;679.0;18
1;39101.0;Valentina;Vinnie;SEASHELLS;684.0;19
1;39135.0;Valentina;Vinnie;SEASHELLS;680.0;16
1;39153.0;Valentina;Vinnie;SEASHELLS;681.0;11
1;39173.0;Valentina;Rhianna;SEASHELLS;680.0;14
1;39184.0;Valentina;Vinnie;SEASHELLS;681.0;13
1;39190.0;Valentina;Vinnie;SEASHELLS;684.0;13
1;39203.0;Valentina;Vinnie;SEASHELLS;681.0;14
1;39212.0;Valentina;Vinnie;SEASHELLS;675.0;16
1;39214.0;Vinnie;Rhianna;SEASHELLS;675.0;13
1;39214.0;Valentina;Rhianna;SEASHELLS;674.0;1
1;39216.0;Ruby;Valentina;SEASHELLS;675.0;15
1;39217.0;Valentina;Vinnie;SEASHELLS;673.0;10
1;39222.0;Valentina;Rhianna;SEASHELLS;673.0;8
1;39240.0;Valentina;Ruby;SEASHELLS;675.0;0
1;39240.0;Vladimir;Ruby;SEASHELLS;675.0;10
1;39240.0;Vladimir;Vinnie;SEASHELLS;675.0;1
1;39240.0;Valentina;Vinnie;SEASHELLS;675.0;17
1;39244.0;Valentina;Rhianna;SEASHELLS;674.0;11
1;39264.0;Valentina;Vinnie;SEASHELLS;672.0;14
1;39283.0;Ruby;Valentina;SEASHELLS;669.0;12
1;39333.0;Valentina;Vinnie;SEASHELLS;684.0;18
1;39346.0;Ruby;Valentina;SEASHELLS;687.0;18
1;39365.0;Vladimir;Rhianna;SEASHELLS;682.0;8
1;39365.0;Vladimir;Vinnie;SEASHELLS;682.0;4
1;39365.0;Valentina;Rhianna;SEASHELLS;682.0;0
1;39365.0;Valentina;Vinnie;SEASHELLS;682.0;16
1;39372.0;Valentina;Rhianna;SEASHELLS;687.0;11
1;39374.0;Valentina;Vinnie;SEASHELLS;686.0;16
1;39377.0;Valentina;Vinnie;SEASHELLS;686.0;13
1;39388.0;Valentina;Vinnie;SEASHELLS;691.0;10
1;39406.0;Valentina;Vinnie;SEASHELLS;693.0;10
1;39410.0;Valentina;Rhianna;SEASHELLS;695.0;7
1;39428.0;Valentina;Rhianna;SEASHELLS;689.0;7
1;39432.0;Valentina;Ruby;SEASHELLS;690.0;13
1;39454.0;Vladimir;Ruby;SEASHELLS;687.0;2
1;39454.0;Valentina;Ruby;SEASHELLS;687.0;17
1;39455.0;Valentina;Ruby;SEASHELLS;689.0;13
1;39463.0;Valentina;Vinnie;SEASHELLS;686.0;13
1;39463.0;Ruby;Valentina;SEASHELLS;687.0;15
1;39474.0;Valentina;Vinnie;SEASHELLS;684.0;20
1;39479.0;Valentina;Vinnie;SEASHELLS;681.0;12
1;39484.0;Ruby;Valentina;SEASHELLS;683.0;12
1;39489.0;Valentina;Valentina;SEASHELLS;684.0;7
1;39491.0;Valentina;Vinnie;SEASHELLS;684.0;16
1;39498.0;Valentina;Vinnie;SEASHELLS;688.0;16
1;39498.0;Valentina;Valentina;SEASHELLS;688.0;6
1;39500.0;Vladimir;Valentina;SEASHELLS;687.0;7
1;39504.0;Valentina;Vinnie;SEASHELLS;685.0;14
1;39508.0;Valentina;Rhianna;SEASHELLS;680.0;13
1;39552.0;Valentina;Vinnie;SEASHELLS;683.0;14
1;39555.0;Valentina;Rhianna;SEASHELLS;682.0;10
1;39562.0;Valentina;Vinnie;SEASHELLS;677.0;17
1;39572.0;Valentina;Vinnie;SEASHELLS;678.0;16
1;39577.0;Valentina;Vinnie;SEASHELLS;676.0;10
1;39580.0;Valentina;Ruby;SEASHELLS;676.0;13
1;39581.0;Valentina;Vinnie;SEASHELLS;678.0;16
1;39587.0;Valentina;Rhianna;SEASHELLS;678.0;11
1;39589.0;Valentina;Vinnie;SEASHELLS;681.0;20
1;39594.0;Valentina;Vinnie;SEASHELLS;677.0;15
1;39597.0;Valentina;Vinnie;SEASHELLS;679.0;14
1;39604.0;Valentina;Ruby;SEASHELLS;681.0;12
1;39612.0;Vladimir;Valentina;SEASHELLS;689.0;4
1;39627.0;Valentina;Valentina;SEASHELLS;693.0;6
1;39631.0;Valentina;Vinnie;SEASHELLS;690.0;11
1;39639.0;Valentina;Valentina;SEASHELLS;691.0;7
1;39641.0;Valentina;Vinnie;SEASHELLS;690.0;16
1;39684.0;Valentina;Vinnie;SEASHELLS;683.0;16
1;39690.0;Valentina;Vinnie;SEASHELLS;680.0;10
1;39704.0;Valentina;Ruby;SEASHELLS;681.0;11
1;39709.0;Valentina;Valentina;SEASHELLS;682.0;6
1;39716.0;Valentina;Vinnie;SEASHELLS;682.0;13
1;39719.0;Valentina;Vinnie;SEASHELLS;679.0;17
1;39720.0;Valentina;Rhianna;SEASHELLS;680.0;13
1;39739.0;Ruby;Valentina;SEASHELLS;687.0;13
1;39750.0;Valentina;Vinnie;SEASHELLS;681.0;13
1;39753.0;Valentina;Valentina;SEASHELLS;679.0;8
1;39754.0;Valentina;Vinnie;SEASHELLS;678.0;10
1;39775.0;Valentina;Vinnie;SEASHELLS;673.0;16
1;39782.0;Valentina;Vinnie;SEASHELLS;671.0;10
1;39802.0;Valentina;Rhianna;SEASHELLS;680.0;5
1;39818.0;Ruby;Valentina;SEASHELLS;679.0;16
1;39837.0;Valentina;Vinnie;SEASHELLS;684.0;12
1;39846.0;Vladimir;Ruby;SEASHELLS;685.0;10
1;39847.0;Valentina;Vinnie;SEASHELLS;686.0;11
1;39874.0;Valentina;Vinnie;SEASHELLS;677.0;13
1;39881.0;Valentina;Ruby;SEASHELLS;679.0;14
1;39886.0;Ruby;Valentina;SEASHELLS;676.0;13
1;39888.0;Valentina;Rhianna;SEASHELLS;672.0;12
1;39923.0;Valentina;Valentina;SEASHELLS;673.0;9
1;39925.0;Valentina;Ruby;SEASHELLS;672.0;8
1;39925.0;Valentina;Vinnie;SEASHELLS;672.0;14
1;39925.0;Valentina;Valentina;SEASHELLS;672.0;4
1;39925.0;Vladimir;Ruby;SEASHELLS;672.0;7
1;39943.0;Valentina;Rhianna;SEASHELLS;669.0;8
1;39962.0;Valentina;Vinnie;SEASHELLS;670.0;19
1;39968.0;Valentina;Vinnie;SEASHELLS;670.0;19
1;39974.0;Valentina;Vinnie;SEASHELLS;672.0;19
1;39976.0;Valentina;Vinnie;SEASHELLS;675.0;16
1;39978.0;Valentina;Rhianna;SEASHELLS;675.0;5
1;39979.0;Valentina;Rhianna;SEASHELLS;675.0;12
1;39983.0;Valentina;Vinnie;SEASHELLS;677.0;10
1;39993.0;Valentina;Rhianna;SEASHELLS;677.0;7
1;39997.0;Ruby;Valentina;SEASHELLS;683.0;14
2;40036.0;Valentina;Vinnie;SEASHELLS;677.0;20
2;40043.0;Valentina;Rhianna;SEASHELLS;675.0;7
2;40049.0;Ruby;Valentina;SEASHELLS;679.0;15
2;40071.0;Ruby;Valentina;SEASHELLS;682.0;15
2;40077.0;Valentina;Vinnie;SEASHELLS;681.0;13
2;40079.0;Valentina;Valentina;SEASHELLS;678.0;5
2;40095.0;Valentina;Rhianna;SEASHELLS;678.0;14
2;40126.0;Valentina;Vinnie;SEASHELLS;681.0;18
2;40151.0;Valentina;Vinnie;SEASHELLS;684.0;19
2;40153.0;Valentina;Valentina;SEASHELLS;685.0;9
2;40174.0;Valentina;Rhianna;SEASHELLS;680.0;9
2;40180.0;Valentina;Rhianna;SEASHELLS;677.0;14
2;40195.0;Valentina;Vinnie;SEASHELLS;686.0;17
2;40205.0;Valentina;Valentina;SEASHELLS;689.0;4
2;40211.0;Valentina;Vinnie;SEASHELLS;688.0;12
2;40214.0;Valentina;Vinnie;SEASHELLS;687.0;14
2;40215.0;Vladimir;Ruby;SEASHELLS;687.0;17
2;40229.0;Valentina;Vinnie;SEASHELLS;687.0;18
2;40242.0;Valentina;Vinnie;SEASHELLS;684.0;15
2;40265.0;Valentina;Vinnie;SEASHELLS;688.0;10
2;40272.0;Valentina;Vinnie;SEASHELLS;694.0;11
2;40279.0;Valentina;Vinnie;SEASHELLS;698.0;15
2;40296.0;Valentina;Vinnie;SEASHELLS;705.0;18
2;40308.0;Ruby;Valentina;SEASHELLS;705.0;16
2;40313.0;Valentina;Ruby;SEASHELLS;700.0;15
2;40319.0;Valentina;Vinnie;SEASHELLS;697.0;17
2;40327.0;Ruby;Valentina;SEASHELLS;696.0;17
2;40349.0;Valentina;Vinnie;SEASHELLS;682.0;19
2;40357.0;Valentina;Vinnie;SEASHELLS;689.0;16
2;40357.0;Vladimir;Vinnie;SEASHELLS;689.0;1
2;40369.0;Valentina;Rhianna;SEASHELLS;685.0;15
2;40382.0;Valentina;Valentina;SEASHELLS;685.0;6
2;40382.0;Valentina;Vinnie;SEASHELLS;685.0;13
2;40404.0;Valentina;Ruby;SEASHELLS;684.0;15
2;40413.0;Valentina;Vinnie;SEASHELLS;680.0;11
2;40426.0;Valentina;Valentina;SEASHELLS;676.0;4
2;40437.0;Valentina;Vinnie;SEASHELLS;668.0;12
2;40454.0;Valentina;Rhianna;SEASHELLS;674.0;12
2;40458.0;Valentina;Vinnie;SEASHELLS;676.0;14
2;40462.0;Valentina;Rhianna;SEASHELLS;673.0;10
2;40477.0;Valentina;Vinnie;SEASHELLS;680.0;16
2;40484.0;Valentina;Rhianna;SEASHELLS;677.0;14
2;40489.0;Valentina;Valentina;SEASHELLS;679.0;6
2;40492.0;Ruby;Valentina;SEASHELLS;678.0;11
2;40502.0;Valentina;Vinnie;SEASHELLS;679.0;18
2;40508.0;Valentina;Vinnie;SEASHELLS;679.0;16
2;40523.0;Valentina;Valentina;SEASHELLS;679.0;6
2;40528.0;Valentina;Rhianna;SEASHELLS;680.0;15
2;40535.0;Valentina;Rhianna;SEASHELLS;683.0;11
2;40563.0;Valentina;Valentina;SEASHELLS;681.0;8
2;40566.0;Valentina;Vinnie;SEASHELLS;684.0;19
2;40567.0;Valentina;Vinnie;SEASHELLS;685.0;16
2;40571.0;Valentina;Vinnie;SEASHELLS;686.0;20
2;40572.0;Valentina;Ruby;SEASHELLS;684.0;16
2;40588.0;Valentina;Vinnie;SEASHELLS;685.0;10
2;40637.0;Valentina;Ruby;SEASHELLS;686.0;16
2;40653.0;Valentina;Vinnie;SEASHELLS;686.0;17
2;40664.0;Valentina;Vinnie;SEASHELLS;683.0;13
2;40673.0;Valentina;Vinnie;SEASHELLS;682.0;12
2;40694.0;Valentina;Rhianna;SEASHELLS;692.0;15
2;40697.0;Valentina;Vinnie;SEASHELLS;691.0;20
2;40718.0;Valentina;Vinnie;SEASHELLS;696.0;18
2;40731.0;Valentina;Vinnie;SEASHELLS;700.0;12
2;40750.0;Valentina;Vinnie;SEASHELLS;691.0;14
2;40761.0;Vladimir;Vinnie;SEASHELLS;691.0;1
2;40761.0;Valentina;Vinnie;SEASHELLS;691.0;16
2;40786.0;Valentina;Vinnie;SEASHELLS;704.0;14
2;40801.0;Valentina;Rhianna;SEASHELLS;703.0;15
2;40803.0;Valentina;Vinnie;SEASHELLS;703.0;12
2;40813.0;Valentina;Valentina;SEASHELLS;706.0;7
2;40818.0;Ruby;Valentina;SEASHELLS;709.0;15
2;40818.0;Ruby;Vladimir;SEASHELLS;709.0;3
2;40839.0;Valentina;Vinnie;SEASHELLS;704.0;11
2;40852.0;Valentina;Rhianna;SEASHELLS;705.0;5
2;40855.0;Valentina;Rhianna;SEASHELLS;707.0;9
2;40888.0;Valentina;Vinnie;SEASHELLS;720.0;12
2;40896.0;Valentina;Valentina;SEASHELLS;727.0;9
2;40900.0;Ruby;Valentina;SEASHELLS;726.0;18
2;40905.0;Valentina;Rhianna;SEASHELLS;729.0;10
2;40908.0;Ruby;Valentina;SEASHELLS;731.0;15
2;40908.0;Ruby;Vladimir;SEASHELLS;731.0;2
2;40921.0;Ruby;Valentina;SEASHELLS;733.0;15
2;40925.0;Valentina;Vinnie;SEASHELLS;735.0;11
2;40938.0;Valentina;Valentina;SEASHELLS;732.0;8
2;40941.0;Valentina;Vinnie;SEASHELLS;730.0;17
2;40960.0;Valentina;Vinnie;SEASHELLS;728.0;15
2;41000.0;Valentina;Valentina;SEASHELLS;729.0;8
2;41014.0;Valentina;Vinnie;SEASHELLS;734.0;17
2;41021.0;Valentina;Vinnie;SEASHELLS;735.0;13
2;41022.0;Vinnie;Rhianna;SEASHELLS;735.0;8
2;41027.0;Valentina;Vinnie;SEASHELLS;736.0;20
2;41041.0;Valentina;Rhianna;SEASHELLS;740.0;5
2;41043.0;Vladimir;Vinnie;SEASHELLS;740.0;5
2;41043.0;Valentina;Vinnie;SEASHELLS;740.0;15
2;41052.0;Valentina;Valentina;SEASHELLS;736.0;4
2;41060.0;Valentina;Ruby;SEASHELLS;737.0;16
2;41071.0;Valentina;Ruby;SEASHELLS;734.0;17
2;41085.0;Valentina;Vinnie;SEASHELLS;730.0;16
2;41111.0;Valentina;Ruby;SEASHELLS;732.0;14
2;41121.0;Valentina;Vinnie;SEASHELLS;730.0;18
2;41137.0;Valentina;Vinnie;SEASHELLS;729.0;16
2;41140.0;Valentina;Rhianna;SEASHELLS;730.0;7
2;41144.0;Valentina;Valentina;SEASHELLS;730.0;4
2;41146.0;Valentina;Vinnie;SEASHELLS;731.0;20
2;41165.0;Valentina;Vinnie;SEASHELLS;720.0;20
2;41211.0;Ruby;Valentina;SEASHELLS;720.0;20
2;41218.0;Valentina;Vinnie;SEASHELLS;722.0;11
2;41273.0;Valentina;Vinnie;SEASHELLS;722.0;19
2;41290.0;Valentina;Vinnie;SEASHELLS;715.0;12
2;41292.0;Valentina;Rhianna;SEASHELLS;717.0;15
2;41305.0;Valentina;Rhianna;SEASHELLS;715.0;12
2;41306.0;Valentina;Rhianna;SEASHELLS;715.0;13
2;41316.0;Valentina;Valentina;SEASHELLS;715.0;10
2;41320.0;Vladimir;Vinnie;SEASHELLS;719.0;2
2;41320.0;Valentina;Vinnie;SEASHELLS;719.0;18
2;41321.0;Valentina;Rhianna;SEASHELLS;720.0;5
2;41333.0;Valentina;Vinnie;SEASHELLS;721.0;16
2;41342.0;Valentina;Valentina;SEASHELLS;722.0;9
2;41343.0;Valentina;Vinnie;SEASHELLS;720.0;15
2;41351.0;Valentina;Rhianna;SEASHELLS;722.0;11
2;41368.0;Valentina;Vinnie;SEASHELLS;720.0;18
2;41383.0;Valentina;Valentina;SEASHELLS;712.0;4
2;41398.0;Vladimir;Vinnie;SEASHELLS;720.0;1
2;41398.0;Valentina;Vinnie;SEASHELLS;720.0;17
2;41402.0;Valentina;Vinnie;SEASHELLS;720.0;14
2;41432.0;Ruby;Valentina;SEASHELLS;720.0;20
2;41437.0;Valentina;Rhianna;SEASHELLS;712.0;5
2;41440.0;Valentina;Vinnie;SEASHELLS;711.0;11
2;41445.0;Valentina;Vinnie;SEASHELLS;712.0;14
2;41449.0;Valentina;Vinnie;SEASHELLS;711.0;13
2;41459.0;Ruby;Valentina;SEASHELLS;714.0;17
2;41460.0;Valentina;Ruby;SEASHELLS;713.0;16
2;41460.0;Vladimir;Ruby;SEASHELLS;713.0;4
2;41462.0;Ruby;Valentina;SEASHELLS;714.0;10
2;41495.0;Valentina;Valentina;SEASHELLS;708.0;4
2;41515.0;Ruby;Valentina;SEASHELLS;707.0;19
2;41529.0;Valentina;Ruby;SEASHELLS;709.0;16
2;41540.0;Valentina;Vinnie;SEASHELLS;712.0;12
2;41549.0;Valentina;Rhianna;SEASHELLS;707.0;9
2;41553.0;Valentina;Vinnie;SEASHELLS;709.0;13
2;41554.0;Valentina;Vinnie;SEASHELLS;711.0;12
2;41561.0;Valentina;Vinnie;SEASHELLS;708.0;19
2;41563.0;Valentina;Rhianna;SEASHELLS;709.0;6
2;41566.0;Valentina;Vinnie;SEASHELLS;707.0;11
2;41570.0;Vladimir;Vinnie;SEASHELLS;708.0;4
2;41570.0;Valentina;Vinnie;SEASHELLS;708.0;15
2;41613.0;Valentina;Valentina;SEASHELLS;714.0;7
2;41619.0;Valentina;Vinnie;SEASHELLS;714.0;16
2;41624.0;Valentina;Vinnie;SEASHELLS;714.0;16
2;41627.0;Valentina;Vinnie;SEASHELLS;712.0;11
2;41659.0;Valentina;Ruby;SEASHELLS;709.0;14
2;41679.0;Valentina;Vinnie;SEASHELLS;705.0;17
2;41684.0;Valentina;Vinnie;SEASHELLS;705.0;10
2;41694.0;Valentina;Vinnie;SEASHELLS;712.0;13
2;41723.0;Valentina;Rhianna;SEASHELLS;715.0;13
2;41726.0;Vinnie;Rhianna;SEASHELLS;714.0;2
2;41726.0;Valentina;Rhianna;SEASHELLS;713.0;13
2;41730.0;Valentina;Rhianna;SEASHELLS;714.0;14
2;41734.0;Valentina;Vinnie;SEASHELLS;714.0;11
2;41736.0;Valentina;Rhianna;SEASHELLS;715.0;7
2;41763.0;Valentina;Vinnie;SEASHELLS;717.0;19
2;41779.0;Valentina;Ruby;SEASHELLS;717.0;15
2;41783.0;Valentina;Valentina;SEASHELLS;719.0;6
2;41784.0;Valentina;Rhianna;SEASHELLS;718.0;10
2;41785.0;Valentina;Vinnie;SEASHELLS;717.0;14
2;41794.0;Valentina;Vinnie;SEASHELLS;718.0;18
2;41800.0;Valentina;Ruby;SEASHELLS;720.0;19
2;41809.0;Valentina;Vinnie;SEASHELLS;719.0;10
2;41810.0;Valentina;Rhianna;SEASHELLS;719.0;6
2;41822.0;Valentina;Rhianna;SEASHELLS;715.0;9
2;41836.0;Valentina;Vinnie;SEASHELLS;719.0;14
2;41842.0;Valentina;Vinnie;SEASHELLS;722.0;16
2;41866.0;Valentina;Vinnie;SEASHELLS;720.0;13
2;41876.0;Valentina;Vinnie;SEASHELLS;720.0;16
2;41885.0;Vladimir;Vinnie;SEASHELLS;714.0;5
2;41885.0;Valentina;Vinnie;SEASHELLS;714.0;15
2;41893.0;Valentina;Vinnie;SEASHELLS;715.0;17
2;41912.0;Valentina;Vinnie;SEASHELLS;708.0;19
2;41912.0;Vladimir;Vinnie;SEASHELLS;708.0;1
2;41913.0;Valentina;Vinnie;SEASHELLS;709.0;16
2;41925.0;Valentina;Ruby;SEASHELLS;706.0;17
2;41930.0;Valentina;Ruby;SEASHELLS;702.0;10
2;41931.0;Vladimir;Vinnie;SEASHELLS;700.0;4
2;41931.0;Valentina;Vinnie;SEASHELLS;700.0;16
2;41937.0;Ruby;Valentina;SEASHELLS;702.0;14
2;41951.0;Valentina;Valentina;SEASHELLS;703.0;4
2;41960.0;Valentina;Vinnie;SEASHELLS;705.0;15
2;41966.0;Ruby;Valentina;SEASHELLS;703.0;12
2;41974.0;Vladimir;Vinnie;SEASHELLS;696.0;1
2;41974.0;Valentina;Vinnie;SEASHELLS;696.0;16
2;41979.0;Valentina;Vinnie;SEASHELLS;692.0;10
2;41980.0;Valentina;Valentina;SEASHELLS;694.0;5
2;42004.0;Valentina;Vinnie;SEASHELLS;692.0;11
2;42013.0;Valentina;Ruby;SEASHELLS;689.0;19
2;42015.0;Valentina;Vinnie;SEASHELLS;687.0;15
2;42015.0;Vladimir;Vinnie;SEASHELLS;687.0;2
2;42027.0;Valentina;Vinnie;SEASHELLS;687.0;15
2;42027.0;Vladimir;Vinnie;SEASHELLS;687.0;2
2;42031.0;Valentina;Ruby;SEASHELLS;687.0;19
2;42050.0;Ruby;Valentina;SEASHELLS;693.0;10
2;42060.0;Valentina;Vinnie;SEASHELLS;697.0;15
2;42063.0;Valentina;Ruby;SEASHELLS;697.0;10
2;42066.0;Valentina;Vinnie;SEASHELLS;699.0;16
2;42083.0;Valentina;Vinnie;SEASHELLS;701.0;19
2;42087.0;Valentina;Rhianna;SEASHELLS;699.0;13
2;42092.0;Valentina;Rhianna;SEASHELLS;701.0;7
2;42097.0;Ruby;Valentina;SEASHELLS;702.0;10
2;42100.0;Valentina;Ruby;SEASHELLS;700.0;16
2;42112.0;Valentina;Valentina;SEASHELLS;702.0;8
2;42116.0;Valentina;Valentina;SEASHELLS;704.0;5
2;42119.0;Valentina;Vinnie;SEASHELLS;706.0;20
2;42130.0;Valentina;Vinnie;SEASHELLS;709.0;15
2;42133.0;Valentina;Vinnie;SEASHELLS;706.0;15
2;42138.0;Valentina;Ruby;SEASHELLS;705.0;16
2;42143.0;Valentina;Vinnie;SEASHELLS;707.0;15
2;42147.0;Valentina;Ruby;SEASHELLS;706.0;20
2;42172.0;Valentina;Vinnie;SEASHELLS;705.0;14
2;42178.0;Valentina;Rhianna;SEASHELLS;707.0;13
2;42188.0;Valentina;Vinnie;SEASHELLS;709.0;13
2;42189.0;Valentina;Vinnie;SEASHELLS;709.0;15
2;42198.0;Valentina;Vinnie;SEASHELLS;703.0;14
2;42210.0;Valentina;Vinnie;SEASHELLS;712.0;15
2;42212.0;Ruby;Valentina;SEASHELLS;714.0;20
2;42224.0;Ruby;Valentina;SEASHELLS;717.0;20
2;42234.0;Valentina;Ruby;SEASHELLS;716.0;15
2;42242.0;Vladimir;Vinnie;SEASHELLS;714.0;5
2;42242.0;Valentina;Vinnie;SEASHELLS;714.0;15
2;42243.0;Valentina;Rhianna;SEASHELLS;714.0;14
2;42250.0;Valentina;Ruby;SEASHELLS;708.0;17
2;42253.0;Valentina;Vinnie;SEASHELLS;707.0;12
2;42257.0;Valentina;Ruby;SEASHELLS;707.0;10
2;42281.0;Vladimir;Rhianna;SEASHELLS;695.0;7
2;42286.0;Valentina;Vinnie;SEASHELLS;696.0;17
2;42298.0;Valentina;Vinnie;SEASHELLS;698.0;15
2;42315.0;Valentina;Ruby;SEASHELLS;689.0;17
2;42317.0;Valentina;Rhianna;SEASHELLS;690.0;14
2;42338.0;Valentina;Valentina;SEASHELLS;684.0;9
2;42349.0;Vladimir;Vinnie;SEASHELLS;684.0;5
2;42349.0;Valentina;Vinnie;SEASHELLS;684.0;15
2;42350.0;Valentina;Ruby;SEASHELLS;686.0;15
2;42355.0;Valentina;Valentina;SEASHELLS;684.0;4
2;42361.0;Valentina;Vinnie;SEASHELLS;685.0;11
2;42365.0;Valentina;Vinnie;SEASHELLS;687.0;11
2;42369.0;Valentina;Vinnie;SEASHELLS;686.0;17
2;42375.0;Valentina;Ruby;SEASHELLS;686.0;19
2;42379.0;Valentina;Vinnie;SEASHELLS;682.0;13
2;42389.0;Valentina;Valentina;SEASHELLS;682.0;5
2;42391.0;Valentina;Vinnie;SEASHELLS;680.0;13
2;42394.0;Valentina;Vinnie;SEASHELLS;682.0;20
2;42395.0;Valentina;Vinnie;SEASHELLS;683.0;16
2;42395.0;Vladimir;Vinnie;SEASHELLS;683.0;2
2;42400.0;Ruby;Valentina;SEASHELLS;683.0;16
2;42403.0;Valentina;Vinnie;SEASHELLS;682.0;10
2;42409.0;Valentina;Vinnie;SEASHELLS;685.0;20
2;42421.0;Valentina;Vinnie;SEASHELLS;680.0;14
2;42424.0;Valentina;Valentina;SEASHELLS;678.0;9
2;42437.0;Valentina;Vinnie;SEASHELLS;673.0;10
2;42443.0;Valentina;Vinnie;SEASHELLS;670.0;15
2;42451.0;Valentina;Vinnie;SEASHELLS;672.0;17
2;42463.0;Valentina;Vinnie;SEASHELLS;670.0;17
2;42464.0;Valentina;Vinnie;SEASHELLS;671.0;12
2;42480.0;Valentina;Ruby;SEASHELLS;671.0;14
2;42482.0;Valentina;Vinnie;SEASHELLS;671.0;16
2;42489.0;Valentina;Vinnie;SEASHELLS;675.0;16
2;42492.0;Valentina;Vinnie;SEASHELLS;676.0;15
2;42504.0;Valentina;Vinnie;SEASHELLS;682.0;16
2;42509.0;Valentina;Vinnie;SEASHELLS;679.0;15
2;42513.0;Ruby;Valentina;SEASHELLS;679.0;12
2;42527.0;Valentina;Vinnie;SEASHELLS;674.0;14
2;42528.0;Valentina;Vinnie;SEASHELLS;672.0;14
2;42559.0;Valentina;Vinnie;SEASHELLS;673.0;19
2;42569.0;Valentina;Vinnie;SEASHELLS;673.0;15
2;42571.0;Valentina;Valentina;SEASHELLS;672.0;6
2;42579.0;Vladimir;Vinnie;SEASHELLS;677.0;1
2;42579.0;Valentina;Vinnie;SEASHELLS;677.0;16
2;42579.0;Valentina;Vladimir;SEASHELLS;678.0;7
2;42581.0;Valentina;Rhianna;SEASHELLS;676.0;8
2;42587.0;Valentina;Vinnie;SEASHELLS;675.0;16
2;42605.0;Valentina;Vinnie;SEASHELLS;670.0;17
2;42612.0;Valentina;Ruby;SEASHELLS;667.0;17
2;42621.0;Ruby;Valentina;SEASHELLS;666.0;12
2;42624.0;Valentina;Ruby;SEASHELLS;662.0;15
2;42639.0;Valentina;Rhianna;SEASHELLS;666.0;8
2;42654.0;Valentina;Vinnie;SEASHELLS;664.0;19
2;42654.0;Ruby;Valentina;SEASHELLS;665.0;20
2;42658.0;Valentina;Vinnie;SEASHELLS;665.0;16
2;42662.0;Valentina;Vinnie;SEASHELLS;664.0;11
2;42666.0;Valentina;Rhianna;SEASHELLS;662.0;11
2;42672.0;Valentina;Vinnie;SEASHELLS;664.0;14
2;42679.0;Valentina;Vinnie;SEASHELLS;665.0;18
2;42683.0;Valentina;Rhianna;SEASHELLS;662.0;14
2;42692.0;Valentina;Vinnie;SEASHELLS;661.0;18
2;42714.0;Valentina;Ruby;SEASHELLS;668.0;16
2;42714.0;Vladimir;Ruby;SEASHELLS;668.0;1
2;42738.0;Valentina;Valentina;SEASHELLS;671.0;10
2;42741.0;Valentina;Vinnie;SEASHELLS;671.0;10
2;42742.0;Valentina;Rhianna;SEASHELLS;671.0;12
2;42743.0;Valentina;Ruby;SEASHELLS;671.0;18
2;42751.0;Valentina;Ruby;SEASHELLS;669.0;10
2;42768.0;Valentina;Vinnie;SEASHELLS;671.0;15
2;42772.0;Valentina;Valentina;SEASHELLS;671.0;7
2;42779.0;Vladimir;Vinnie;SEASHELLS;673.0;5
2;42779.0;Valentina;Vinnie;SEASHELLS;673.0;15
2;42784.0;Valentina;Valentina;SEASHELLS;678.0;9
2;42788.0;Valentina;Vinnie;SEASHELLS;682.0;14
2;42788.0;Ruby;Valentina;SEASHELLS;683.0;15
2;42788.0;Ruby;Vladimir;SEASHELLS;683.0;3
2;42804.0;Valentina;Rhianna;SEASHELLS;691.0;8
2;42805.0;Valentina;Vinnie;SEASHELLS;689.0;12
2;42830.0;Valentina;Ruby;SEASHELLS;690.0;12
2;42849.0;Ruby;Valentina;SEASHELLS;694.0;18
2;42849.0;Valentina;Vinnie;SEASHELLS;693.0;12
2;42850.0;Valentina;Valentina;SEASHELLS;692.0;4
2;42850.0;Valentina;Ruby;SEASHELLS;692.0;16
2;42862.0;Valentina;Ruby;SEASHELLS;689.0;15
2;42904.0;Valentina;Ruby;SEASHELLS;699.0;14
2;42918.0;Ruby;Valentina;SEASHELLS;692.0;15
2;42919.0;Valentina;Vinnie;SEASHELLS;691.0;19
2;42921.0;Valentina;Valentina;SEASHELLS;691.0;8
2;42934.0;Ruby;Valentina;SEASHELLS;695.0;17
2;42939.0;Valentina;Vinnie;SEASHELLS;689.0;10
2;42941.0;Valentina;Vinnie;SEASHELLS;689.0;18
2;42951.0;Valentina;Valentina;SEASHELLS;683.0;6
2;42952.0;Valentina;Vinnie;SEASHELLS;684.0;13
2;42953.0;Valentina;Ruby;SEASHELLS;682.0;15
2;42970.0;Valentina;Vinnie;SEASHELLS;682.0;10
2;42975.0;Valentina;Ruby;SEASHELLS;685.0;16
2;42986.0;Ruby;Valentina;SEASHELLS;691.0;13
2;42993.0;Valentina;Ruby;SEASHELLS;689.0;17
2;42996.0;Valentina;Vinnie;SEASHELLS;688.0;16
2;43000.0;Valentina;Vinnie;SEASHELLS;686.0;19
2;43020.0;Ruby;Valentina;SEASHELLS;678.0;16
2;43023.0;Valentina;Vinnie;SEASHELLS;679.0;18
2;43023.0;Vladimir;Vinnie;SEASHELLS;679.0;1
2;43036.0;Valentina;Vinnie;SEASHELLS;681.0;11
2;43052.0;Valentina;Ruby;SEASHELLS;678.0;19
2;43053.0;Valentina;Rhianna;SEASHELLS;678.0;8
2;43055.0;Valentina;Vinnie;SEASHELLS;678.0;17
2;43072.0;Valentina;Rhianna;SEASHELLS;686.0;9
2;43079.0;Valentina;Vinnie;SEASHELLS;685.0;18
2;43081.0;Valentina;Vinnie;SEASHELLS;686.0;16
2;43083.0;Valentina;Rhianna;SEASHELLS;686.0;14
2;43095.0;Valentina;Vinnie;SEASHELLS;694.0;17
2;43095.0;Vladimir;Vinnie;SEASHELLS;694.0;3
2;43097.0;Valentina;Vinnie;SEASHELLS;694.0;10
2;43100.0;Valentina;Rhianna;SEASHELLS;696.0;14
2;43102.0;Valentina;Valentina;SEASHELLS;695.0;9
2;43117.0;Valentina;Valentina;SEASHELLS;696.0;6
2;43133.0;Valentina;Vinnie;SEASHELLS;696.0;20
2;43147.0;Ruby;Valentina;SEASHELLS;703.0;17
2;43148.0;Valentina;Vinnie;SEASHELLS;701.0;12
2;43151.0;Valentina;Ruby;SEASHELLS;706.0;10
2;43154.0;Valentina;Vinnie;SEASHELLS;704.0;18
2;43158.0;Valentina;Vinnie;SEASHELLS;700.0;16
2;43164.0;Ruby;Valentina;SEASHELLS;700.0;16
2;43172.0;Valentina;Vinnie;SEASHELLS;703.0;19
2;43173.0;Valentina;Vinnie;SEASHELLS;705.0;11
2;43176.0;Valentina;Vinnie;SEASHELLS;704.0;19
2;43188.0;Valentina;Valentina;SEASHELLS;702.0;6
2;43203.0;Valentina;Vinnie;SEASHELLS;711.0;12
2;43206.0;Valentina;Vinnie;SEASHELLS;706.0;15
2;43211.0;Valentina;Vinnie;SEASHELLS;706.0;17
2;43212.0;Valentina;Rhianna;SEASHELLS;704.0;9
2;43219.0;Valentina;Vinnie;SEASHELLS;705.0;19
2;43221.0;Valentina;Rhianna;SEASHELLS;705.0;9
2;43226.0;Valentina;Vinnie;SEASHELLS;704.0;19
2;43239.0;Ruby;Valentina;SEASHELLS;701.0;16
2;43270.0;Valentina;Vinnie;SEASHELLS;692.0;17
2;43291.0;Vinnie;Vinnie;SEASHELLS;683.0;2
2;43313.0;Valentina;Rhianna;SEASHELLS;676.0;14
2;43316.0;Valentina;Vinnie;SEASHELLS;676.0;17
2;43322.0;Valentina;Vinnie;SEASHELLS;677.0;17
2;43328.0;Ruby;Valentina;SEASHELLS;680.0;20
2;43338.0;Valentina;Vinnie;SEASHELLS;679.0;16
2;43353.0;Valentina;Vinnie;SEASHELLS;673.0;20
2;43382.0;Valentina;Vinnie;SEASHELLS;671.0;16
2;43402.0;Ruby;Valentina;SEASHELLS;672.0;11
2;43416.0;Valentina;Ruby;SEASHELLS;669.0;10
2;43422.0;Valentina;Vinnie;SEASHELLS;668.0;15
2;43436.0;Valentina;Vinnie;SEASHELLS;661.0;10
2;43437.0;Ruby;Valentina;SEASHELLS;663.0;20
2;43439.0;Valentina;Rhianna;SEASHELLS;659.0;15
2;43456.0;Valentina;Vinnie;SEASHELLS;656.0;14
2;43458.0;Valentina;Vinnie;SEASHELLS;659.0;20
2;43478.0;Valentina;Vinnie;SEASHELLS;652.0;10
2;43483.0;Valentina;Vinnie;SEASHELLS;652.0;13
2;43487.0;Valentina;Valentina;SEASHELLS;651.0;5
2;43495.0;Valentina;Vinnie;SEASHELLS;651.0;16
2;43497.0;Valentina;Valentina;SEASHELLS;650.0;9
2;43498.0;Valentina;Ruby;SEASHELLS;651.0;11
2;43500.0;Valentina;Vinnie;SEASHELLS;653.0;16
2;43500.0;Vladimir;Vinnie;SEASHELLS;653.0;3
2;43501.0;Valentina;Vinnie;SEASHELLS;652.0;11
2;43504.0;Valentina;Valentina;SEASHELLS;655.0;10
2;43509.0;Valentina;Rhianna;SEASHELLS;658.0;15
2;43535.0;Ruby;Valentina;SEASHELLS;659.0;16
2;43535.0;Ruby;Vladimir;SEASHELLS;659.0;4
2;43539.0;Valentina;Vinnie;SEASHELLS;655.0;12
2;43541.0;Valentina;Vinnie;SEASHELLS;656.0;14
2;43543.0;Valentina;Rhianna;SEASHELLS;657.0;13
2;43556.0;Valentina;Vinnie;SEASHELLS;665.0;19
2;43559.0;Valentina;Rhianna;SEASHELLS;664.0;9
2;43566.0;Vinnie;Vinnie;SEASHELLS;662.0;2
2;43570.0;Valentina;Vinnie;SEASHELLS;663.0;14
2;43573.0;Valentina;Vinnie;SEASHELLS;662.0;11
2;43586.0;Valentina;Rhianna;SEASHELLS;668.0;12
2;43587.0;Valentina;Rhianna;SEASHELLS;666.0;13
2;43588.0;Valentina;Vinnie;SEASHELLS;667.0;14
2;43597.0;Ruby;Valentina;SEASHELLS;671.0;16
2;43630.0;Ruby;Valentina;SEASHELLS;677.0;11
2;43634.0;Valentina;Vinnie;SEASHELLS;673.0;12
2;43636.0;Valentina;Ruby;SEASHELLS;672.0;12
2;43642.0;Valentina;Ruby;SEASHELLS;674.0;17
2;43642.0;Vladimir;Ruby;SEASHELLS;674.0;1
2;43663.0;Valentina;Ruby;SEASHELLS;673.0;11
2;43666.0;Valentina;Valentina;SEASHELLS;674.0;7
2;43669.0;Valentina;Valentina;SEASHELLS;674.0;6
2;43680.0;Valentina;Vinnie;SEASHELLS;666.0;11
2;43683.0;Valentina;Vinnie;SEASHELLS;668.0;12
2;43709.0;Valentina;Vinnie;SEASHELLS;671.0;11
2;43718.0;Vladimir;Vinnie;SEASHELLS;669.0;4
2;43718.0;Valentina;Vinnie;SEASHELLS;669.0;16
2;43723.0;Valentina;Ruby;SEASHELLS;669.0;8
2;43724.0;Valentina;Vinnie;SEASHELLS;669.0;17
2;43728.0;Valentina;Vinnie;SEASHELLS;667.0;12
2;43739.0;Valentina;Vinnie;SEASHELLS;667.0;17
2;43771.0;Ruby;Valentina;SEASHELLS;665.0;19
2;43775.0;Valentina;Vinnie;SEASHELLS;661.0;15
2;43775.0;Vladimir;Vinnie;SEASHELLS;661.0;4
2;43792.0;Valentina;Vinnie;SEASHELLS;659.0;15
2;43811.0;Valentina;Vinnie;SEASHELLS;658.0;18
2;43811.0;Vladimir;Vinnie;SEASHELLS;658.0;1
2;43830.0;Valentina;Vinnie;SEASHELLS;661.0;13
2;43831.0;Valentina;Vinnie;SEASHELLS;660.0;19
2;43835.0;Ruby;Valentina;SEASHELLS;664.0;13
2;43839.0;Valentina;Vinnie;SEASHELLS;658.0;17
2;43844.0;Valentina;Ruby;SEASHELLS;661.0;17
2;43848.0;Valentina;Vinnie;SEASHELLS;657.0;12
2;43852.0;Valentina;Vinnie;SEASHELLS;658.0;17
2;43862.0;Valentina;Valentina;SEASHELLS;661.0;7
2;43872.0;Valentina;Vinnie;SEASHELLS;665.0;12
2;43878.0;Valentina;Vinnie;SEASHELLS;667.0;17
2;43897.0;Valentina;Rhianna;SEASHELLS;663.0;6
2;43929.0;Valentina;Vinnie;SEASHELLS;665.0;19
2;43931.0;Valentina;Rhianna;SEASHELLS;665.0;11
2;43932.0;Valentina;Rhianna;SEASHELLS;666.0;10
2;43936.0;Valentina;Ruby;SEASHELLS;670.0;16
2;43944.0;Valentina;Vinnie;SEASHELLS;672.0;17
2;43993.0;Valentina;Rhianna;SEASHELLS;661.0;10
2;44011.0;Valentina;Valentina;SEASHELLS;658.0;9
2;44014.0;Valentina;Vinnie;SEASHELLS;658.0;16
2;44016.0;Valentina;Vinnie;SEASHELLS;659.0;12
2;44020.0;Valentina;Valentina;SEASHELLS;655.0;5
2;44021.0;Valentina;Vinnie;SEASHELLS;656.0;15
2;44022.0;Ruby;Valentina;SEASHELLS;658.0;15
2;44022.0;Ruby;Vladimir;SEASHELLS;658.0;2
2;44025.0;Valentina;Vinnie;SEASHELLS;660.0;12
2;44035.0;Valentina;Ruby;SEASHELLS;658.0;13
2;44045.0;Valentina;Vinnie;SEASHELLS;663.0;15
2;44053.0;Valentina;Vinnie;SEASHELLS;666.0;13
2;44065.0;Ruby;Valentina;SEASHELLS;674.0;15
2;44072.0;Valentina;Vinnie;SEASHELLS;677.0;13
2;44079.0;Valentina;Valentina;SEASHELLS;677.0;10
2;44102.0;Valentina;Ruby;SEASHELLS;687.0;16
2;44106.0;Valentina;Vinnie;SEASHELLS;690.0;15
2;44124.0;Ruby;Valentina;SEASHELLS;696.0;10
2;44132.0;Ruby;Valentina;SEASHELLS;698.0;12
2;44139.0;Valentina;Ruby;SEASHELLS;699.0;11
2;44145.0;Valentina;Vinnie;SEASHELLS;703.0;19
2;44147.0;Valentina;Vinnie;SEASHELLS;702.0;20
2;44157.0;Valentina;Vinnie;SEASHELLS;703.0;11
2;44176.0;Valentina;Ruby;SEASHELLS;705.0;10
2;44184.0;Valentina;Vinnie;SEASHELLS;704.0;10
2;44196.0;Vinnie;Ruby;SEASHELLS;704.0;2
2;44216.0;Ruby;Valentina;SEASHELLS;696.0;14
2;44220.0;Valentina;Rhianna;SEASHELLS;695.0;13
2;44225.0;Valentina;Rhianna;SEASHELLS;693.0;12
2;44254.0;Valentina;Ruby;SEASHELLS;693.0;11
2;44264.0;Valentina;Valentina;SEASHELLS;693.0;5
2;44267.0;Valentina;Vinnie;SEASHELLS;696.0;17
2;44279.0;Valentina;Vinnie;SEASHELLS;693.0;11
2;44287.0;Valentina;Valentina;SEASHELLS;694.0;4
2;44289.0;Valentina;Ruby;SEASHELLS;695.0;11
2;44296.0;Valentina;Rhianna;SEASHELLS;694.0;14
2;44318.0;Valentina;Ruby;SEASHELLS;693.0;12
2;44330.0;Valentina;Vinnie;SEASHELLS;697.0;18
2;44349.0;Valentina;Vinnie;SEASHELLS;693.0;11
2;44353.0;Valentina;Vinnie;SEASHELLS;693.0;10
2;44357.0;Valentina;Vinnie;SEASHELLS;697.0;13
2;44358.0;Valentina;Vinnie;SEASHELLS;699.0;16
2;44358.0;Vladimir;Vinnie;SEASHELLS;699.0;2
2;44366.0;Valentina;Vinnie;SEASHELLS;700.0;15
2;44372.0;Valentina;Valentina;SEASHELLS;694.0;8
2;44395.0;Valentina;Vinnie;SEASHELLS;688.0;12
2;44406.0;Valentina;Vinnie;SEASHELLS;684.0;11
2;44412.0;Valentina;Valentina;SEASHELLS;683.0;7
2;44417.0;Valentina;Vinnie;SEASHELLS;685.0;15
2;44421.0;Valentina;Vinnie;SEASHELLS;685.0;20
2;44422.0;Valentina;Vinnie;SEASHELLS;684.0;16
2;44430.0;Valentina;Rhianna;SEASHELLS;678.0;10
2;44438.0;Valentina;Vinnie;SEASHELLS;675.0;11
2;44446.0;Valentina;Ruby;SEASHELLS;678.0;19
2;44451.0;Valentina;Vinnie;SEASHELLS;677.0;11
2;44456.0;Valentina;Vinnie;SEASHELLS;674.0;11
2;44469.0;Valentina;Rhianna;SEASHELLS;677.0;8
2;44484.0;Valentina;Vinnie;SEASHELLS;680.0;10
2;44497.0;Valentina;Vinnie;SEASHELLS;677.0;16
2;44497.0;Vladimir;Vinnie;SEASHELLS;677.0;2
2;44498.0;Valentina;Ruby;SEASHELLS;678.0;12
2;44500.0;Vladimir;Vinnie;SEASHELLS;676.0;1
2;44500.0;Valentina;Vinnie;SEASHELLS;676.0;17
2;44505.0;Valentina;Vinnie;SEASHELLS;675.0;18
2;44518.0;Valentina;Vinnie;SEASHELLS;672.0;13
2;44519.0;Valentina;Vinnie;SEASHELLS;673.0;13
2;44540.0;Valentina;Rhianna;SEASHELLS;675.0;13
2;44564.0;Valentina;Rhianna;SEASHELLS;668.0;15
2;44569.0;Valentina;Vinnie;SEASHELLS;663.0;10
2;44573.0;Valentina;Valentina;SEASHELLS;662.0;8
2;44586.0;Valentina;Vinnie;SEASHELLS;657.0;20
2;44592.0;Valentina;Vinnie;SEASHELLS;659.0;16
2;44615.0;Ruby;Valentina;SEASHELLS;665.0;12
2;44617.0;Valentina;Vinnie;SEASHELLS;665.0;16
2;44638.0;Valentina;Rhianna;SEASHELLS;662.0;8
2;44649.0;Ruby;Valentina;SEASHELLS;667.0;10
2;44655.0;Valentina;Rhianna;SEASHELLS;665.0;13
2;44669.0;Valentina;Ruby;SEASHELLS;662.0;15
2;44677.0;Valentina;Vinnie;SEASHELLS;660.0;17
2;44679.0;Vladimir;Vinnie;SEASHELLS;661.0;5
2;44679.0;Valentina;Vinnie;SEASHELLS;661.0;15
2;44682.0;Valentina;Vinnie;SEASHELLS;663.0;16
2;44701.0;Valentina;Vinnie;SEASHELLS;653.0;18
2;44704.0;Valentina;Rhianna;SEASHELLS;655.0;6
2;44708.0;Valentina;Vinnie;SEASHELLS;657.0;11
2;44711.0;Valentina;Vinnie;SEASHELLS;659.0;10
2;44718.0;Valentina;Valentina;SEASHELLS;663.0;8
2;44721.0;Valentina;Vinnie;SEASHELLS;663.0;10
2;44732.0;Valentina;Vinnie;SEASHELLS;663.0;15
2;44739.0;Valentina;Rhianna;SEASHELLS;661.0;15
2;44742.0;Valentina;Valentina;SEASHELLS;659.0;4
2;44752.0;Valentina;Valentina;SEASHELLS;657.0;5
2;44766.0;Valentina;Ruby;SEASHELLS;654.0;15
2;44772.0;Valentina;Vinnie;SEASHELLS;653.0;15
2;44775.0;Valentina;Valentina;SEASHELLS;652.0;4
2;44778.0;Valentina;Vinnie;SEASHELLS;652.0;10
2;44783.0;Valentina;Vinnie;SEASHELLS;655.0;12
2;44791.0;Valentina;Vinnie;SEASHELLS;657.0;17
2;44804.0;Valentina;Vinnie;SEASHELLS;659.0;19
2;44809.0;Ruby;Valentina;SEASHELLS;658.0;18
2;44830.0;Ruby;Valentina;SEASHELLS;654.0;17
2;44839.0;Valentina;Vinnie;SEASHELLS;653.0;12
2;44854.0;Valentina;Vinnie;SEASHELLS;652.0;16
2;44862.0;Valentina;Vinnie;SEASHELLS;645.0;10
2;44872.0;Valentina;Valentina;SEASHELLS;646.0;10
2;44892.0;Ruby;Valentina;SEASHELLS;653.0;13
2;44895.0;Valentina;Vinnie;SEASHELLS;652.0;11
2;44910.0;Ruby;Valentina;SEASHELLS;662.0;17
2;44923.0;Valentina;Vinnie;SEASHELLS;663.0;19
2;44930.0;Valentina;Rhianna;SEASHELLS;665.0;14
2;44948.0;Ruby;Vladimir;SEASHELLS;673.0;2
2;44948.0;Ruby;Valentina;SEASHELLS;673.0;16
2;44948.0;Valentina;Rhianna;SEASHELLS;671.0;7
2;44959.0;Valentina;Vinnie;SEASHELLS;666.0;19
2;44962.0;Valentina;Vinnie;SEASHELLS;665.0;13
2;44972.0;Valentina;Ruby;SEASHELLS;662.0;17
2;44980.0;Valentina;Valentina;SEASHELLS;660.0;8
2;44981.0;Valentina;Vinnie;SEASHELLS;660.0;10
2;44987.0;Valentina;Rhianna;SEASHELLS;660.0;14
2;45006.0;Valentina;Vinnie;SEASHELLS;663.0;15
2;45024.0;Valentina;Vinnie;SEASHELLS;664.0;20
2;45027.0;Valentina;Vinnie;SEASHELLS;665.0;14
2;45044.0;Valentina;Vinnie;SEASHELLS;668.0;14
2;45048.0;Valentina;Ruby;SEASHELLS;668.0;15
2;45048.0;Vladimir;Ruby;SEASHELLS;668.0;3
2;45056.0;Valentina;Ruby;SEASHELLS;668.0;15
2;45060.0;Valentina;Vinnie;SEASHELLS;667.0;15
2;45082.0;Valentina;Rhianna;SEASHELLS;669.0;7
2;45098.0;Ruby;Valentina;SEASHELLS;667.0;18
2;45098.0;Ruby;Vladimir;SEASHELLS;667.0;2
2;45112.0;Valentina;Vinnie;SEASHELLS;670.0;20
2;45115.0;Valentina;Ruby;SEASHELLS;669.0;15
2;45129.0;Valentina;Vinnie;SEASHELLS;667.0;17
2;45145.0;Valentina;Valentina;SEASHELLS;665.0;7
2;45152.0;Valentina;Rhianna;SEASHELLS;670.0;10
2;45194.0;Valentina;Vinnie;SEASHELLS;661.0;17
2;45194.0;Vladimir;Vinnie;SEASHELLS;661.0;1
2;45197.0;Valentina;Valentina;SEASHELLS;661.0;7
2;45213.0;Valentina;Ruby;SEASHELLS;668.0;18
2;45233.0;Valentina;Vinnie;SEASHELLS;665.0;14
2;45237.0;Valentina;Valentina;SEASHELLS;663.0;4
2;45240.0;Vladimir;Ruby;SEASHELLS;665.0;7
2;45240.0;Valentina;Vinnie;SEASHELLS;665.0;14
2;45240.0;Valentina;Ruby;SEASHELLS;665.0;6
2;45274.0;Valentina;Vinnie;SEASHELLS;670.0;19
2;45292.0;Valentina;Vinnie;SEASHELLS;673.0;10
2;45296.0;Ruby;Valentina;SEASHELLS;669.0;17
2;45314.0;Valentina;Ruby;SEASHELLS;662.0;11
2;45320.0;Vladimir;Ruby;SEASHELLS;660.0;14
2;45320.0;Vinnie;Ruby;SEASHELLS;660.0;2
2;45358.0;Valentina;Vinnie;SEASHELLS;660.0;17
2;45375.0;Valentina;Vinnie;SEASHELLS;659.0;19
2;45385.0;Valentina;Vinnie;SEASHELLS;652.0;14
2;45389.0;Vladimir;Ruby;SEASHELLS;651.0;15
2;45389.0;Valentina;Vinnie;SEASHELLS;651.0;15
2;45389.0;Valentina;Ruby;SEASHELLS;651.0;3
2;45412.0;Valentina;Vinnie;SEASHELLS;650.0;19
2;45413.0;Ruby;Valentina;SEASHELLS;651.0;16
2;45426.0;Ruby;Valentina;SEASHELLS;653.0;18
2;45441.0;Valentina;Ruby;SEASHELLS;652.0;18
2;45444.0;Valentina;Rhianna;SEASHELLS;653.0;11
2;45445.0;Valentina;Valentina;SEASHELLS;652.0;7
2;45480.0;Valentina;Ruby;SEASHELLS;658.0;15
2;45484.0;Ruby;Valentina;SEASHELLS;658.0;19
2;45504.0;Valentina;Vinnie;SEASHELLS;664.0;15
2;45509.0;Valentina;Valentina;SEASHELLS;664.0;8
2;45520.0;Valentina;Ruby;SEASHELLS;668.0;15
2;45527.0;Valentina;Vinnie;SEASHELLS;670.0;14
2;45545.0;Valentina;Ruby;SEASHELLS;670.0;17
2;45566.0;Valentina;Vinnie;SEASHELLS;667.0;20
2;45566.0;Vladimir;Ruby;SEASHELLS;667.0;5
2;45566.0;Valentina;Ruby;SEASHELLS;667.0;9
2;45576.0;Ruby;Valentina;SEASHELLS;673.0;12
2;45577.0;Valentina;Vinnie;SEASHELLS;670.0;10
2;45588.0;Valentina;Vinnie;SEASHELLS;676.0;10
2;45597.0;Valentina;Ruby;SEASHELLS;672.0;12
2;45640.0;Valentina;Vinnie;SEASHELLS;669.0;16
2;45646.0;Valentina;Vinnie;SEASHELLS;669.0;19
2;45654.0;Ruby;Valentina;SEASHELLS;670.0;17
2;45672.0;Valentina;Rhianna;SEASHELLS;667.0;9
2;45683.0;Valentina;Vinnie;SEASHELLS;665.0;12
2;45701.0;Valentina;Valentina;SEASHELLS;664.0;9
2;45702.0;Valentina;Vinnie;SEASHELLS;664.0;11
2;45713.0;Valentina;Rhianna;SEASHELLS;667.0;15
2;45736.0;Ruby;Valentina;SEASHELLS;670.0;14
2;45765.0;Valentina;Ruby;SEASHELLS;654.0;10
2;45772.0;Ruby;Valentina;SEASHELLS;660.0;17
2;45773.0;Valentina;Vinnie;SEASHELLS;660.0;17
2;45778.0;Ruby;Valentina;SEASHELLS;659.0;13
2;45795.0;Valentina;Vinnie;SEASHELLS;659.0;19
2;45805.0;Vladimir;Vinnie;SEASHELLS;658.0;3
2;45805.0;Valentina;Vinnie;SEASHELLS;658.0;16
2;45819.0;Valentina;Ruby;SEASHELLS;661.0;14
2;45824.0;Valentina;Vinnie;SEASHELLS;655.0;18
2;45836.0;Valentina;Ruby;SEASHELLS;662.0;14
2;45847.0;Valentina;Vinnie;SEASHELLS;662.0;11
2;45851.0;Valentina;Vinnie;SEASHELLS;665.0;20
2;45858.0;Valentina;Vinnie;SEASHELLS;663.0;14
2;45873.0;Valentina;Vinnie;SEASHELLS;662.0;10
2;45882.0;Valentina;Vinnie;SEASHELLS;661.0;15
2;45882.0;Vladimir;Vinnie;SEASHELLS;661.0;4
2;45892.0;Valentina;Vinnie;SEASHELLS;665.0;17
2;45899.0;Valentina;Vinnie;SEASHELLS;664.0;15
2;45905.0;Valentina;Vinnie;SEASHELLS;666.0;17
2;45905.0;Vladimir;Vinnie;SEASHELLS;666.0;1
2;45909.0;Valentina;Valentina;SEASHELLS;663.0;4
2;45914.0;Rhianna;Ruby;SEASHELLS;660.0;14
2;45917.0;Valentina;Valentina;SEASHELLS;659.0;5
2;45930.0;Ruby;Valentina;SEASHELLS;663.0;15
2;45931.0;Valentina;Ruby;SEASHELLS;661.0;15
2;45931.0;Valentina;Vinnie;SEASHELLS;661.0;14
2;45931.0;Vladimir;Ruby;SEASHELLS;661.0;2
2;45939.0;Valentina;Vinnie;SEASHELLS;663.0;17
2;45952.0;Ruby;Valentina;SEASHELLS;660.0;12
2;45991.0;Valentina;Valentina;SEASHELLS;657.0;6
2;45998.0;Valentina;Valentina;SEASHELLS;656.0;4
2;46011.0;Valentina;Vinnie;SEASHELLS;665.0;18
2;46012.0;Valentina;Valentina;SEASHELLS;663.0;10
2;46016.0;Valentina;Vinnie;SEASHELLS;661.0;19
2;46026.0;Valentina;Vinnie;SEASHELLS;665.0;13
2;46026.0;Ruby;Valentina;SEASHELLS;666.0;12
2;46029.0;Valentina;Vinnie;SEASHELLS;666.0;13
2;46032.0;Ruby;Valentina;SEASHELLS;671.0;16
2;46041.0;Valentina;Ruby;SEASHELLS;672.0;11
2;46041.0;Vladimir;Ruby;SEASHELLS;672.0;3
2;46041.0;Valentina;Vinnie;SEASHELLS;672.0;14
2;46054.0;Valentina;Vinnie;SEASHELLS;669.0;19
2;46061.0;Valentina;Rhianna;SEASHELLS;667.0;10
2;46077.0;Ruby;Valentina;SEASHELLS;670.0;15
2;46082.0;Valentina;Vinnie;SEASHELLS;668.0;15
2;46084.0;Valentina;Ruby;SEASHELLS;664.0;19
2;46100.0;Valentina;Valentina;SEASHELLS;670.0;6
2;46105.0;Valentina;Vinnie;SEASHELLS;671.0;11
2;46114.0;Valentina;Vinnie;SEASHELLS;665.0;17
2;46115.0;Valentina;Valentina;SEASHELLS;665.0;4
2;46126.0;Valentina;Vinnie;SEASHELLS;660.0;20
2;46153.0;Ruby;Valentina;SEASHELLS;660.0;12
2;46167.0;Valentina;Rhianna;SEASHELLS;655.0;12
2;46177.0;Ruby;Valentina;SEASHELLS;655.0;19
2;46189.0;Ruby;Valentina;SEASHELLS;652.0;13
2;46194.0;Valentina;Vinnie;SEASHELLS;654.0;16
2;46196.0;Valentina;Vinnie;SEASHELLS;653.0;18
2;46214.0;Valentina;Vinnie;SEASHELLS;646.0;13
2;46222.0;Valentina;Vinnie;SEASHELLS;645.0;12
2;46240.0;Valentina;Vinnie;SEASHELLS;646.0;14
2;46243.0;Vladimir;Vinnie;SEASHELLS;646.0;3
2;46243.0;Valentina;Vinnie;SEASHELLS;646.0;15
2;46243.0;Ruby;Valentina;SEASHELLS;647.0;13
2;46255.0;Valentina;Vinnie;SEASHELLS;643.0;14
2;46257.0;Valentina;Vinnie;SEASHELLS;643.0;20
2;46285.0;Valentina;Vinnie;SEASHELLS;658.0;11
2;46292.0;Ruby;Valentina;SEASHELLS;660.0;11
2;46292.0;Valentina;Vinnie;SEASHELLS;659.0;15
2;46299.0;Valentina;Vinnie;SEASHELLS;657.0;15
2;46350.0;Valentina;Vinnie;SEASHELLS;651.0;19
2;46358.0;Ruby;Valentina;SEASHELLS;653.0;12
2;46376.0;Valentina;Rhianna;SEASHELLS;654.0;5
2;46377.0;Valentina;Vinnie;SEASHELLS;654.0;20
2;46384.0;Valentina;Rhianna;SEASHELLS;655.0;5
2;46388.0;Valentina;Valentina;SEASHELLS;655.0;6
2;46435.0;Valentina;Vinnie;SEASHELLS;639.0;12
2;46442.0;Valentina;Ruby;SEASHELLS;636.0;17
2;46456.0;Valentina;Vinnie;SEASHELLS;632.0;18
2;46464.0;Valentina;Vinnie;SEASHELLS;637.0;18
2;46474.0;Valentina;Vinnie;SEASHELLS;639.0;19
2;46481.0;Ruby;Valentina;SEASHELLS;641.0;12
2;46501.0;Valentina;Vinnie;SEASHELLS;642.0;12
2;46513.0;Ruby;Valentina;SEASHELLS;641.0;10
2;46524.0;Valentina;Rhianna;SEASHELLS;636.0;10
2;46550.0;Valentina;Vinnie;SEASHELLS;639.0;11
2;46554.0;Valentina;Valentina;SEASHELLS;640.0;8
2;46561.0;Ruby;Valentina;SEASHELLS;641.0;16
2;46568.0;Valentina;Vinnie;SEASHELLS;643.0;15
2;46587.0;Valentina;Vinnie;SEASHELLS;643.0;12
2;46603.0;Valentina;Vinnie;SEASHELLS;638.0;17
2;46606.0;Valentina;Vinnie;SEASHELLS;640.0;18
2;46607.0;Ruby;Valentina;SEASHELLS;643.0;13
2;46616.0;Valentina;Vinnie;SEASHELLS;646.0;14
2;46628.0;Valentina;Valentina;SEASHELLS;646.0;5
2;46647.0;Valentina;Rhianna;SEASHELLS;641.0;9
2;46650.0;Ruby;Vladimir;SEASHELLS;639.0;12
2;46662.0;Valentina;Vinnie;SEASHELLS;634.0;20
2;46666.0;Valentina;Ruby;SEASHELLS;632.0;18
2;46672.0;Valentina;Vinnie;SEASHELLS;629.0;17
2;46675.0;Valentina;Vinnie;SEASHELLS;628.0;17
2;46758.0;Valentina;Vinnie;SEASHELLS;641.0;16
2;46761.0;Valentina;Valentina;SEASHELLS;646.0;10
2;46766.0;Valentina;Vinnie;SEASHELLS;646.0;16
2;46766.0;Vladimir;Vinnie;SEASHELLS;646.0;3
2;46778.0;Valentina;Valentina;SEASHELLS;643.0;10
2;46780.0;Ruby;Vladimir;SEASHELLS;646.0;1
2;46780.0;Ruby;Valentina;SEASHELLS;646.0;15
2;46796.0;Valentina;Ruby;SEASHELLS;641.0;19
2;46815.0;Valentina;Vinnie;SEASHELLS;637.0;13
2;46818.0;Valentina;Vinnie;SEASHELLS;637.0;14
2;46837.0;Valentina;Vinnie;SEASHELLS;632.0;20
2;46847.0;Valentina;Vinnie;SEASHELLS;636.0;16
2;46861.0;Valentina;Ruby;SEASHELLS;630.0;17
2;46865.0;Valentina;Vinnie;SEASHELLS;630.0;11
2;46868.0;Ruby;Valentina;SEASHELLS;633.0;15
2;46912.0;Valentina;Vinnie;SEASHELLS;646.0;20
2;46923.0;Ruby;Valentina;SEASHELLS;649.0;19
2;46926.0;Valentina;Valentina;SEASHELLS;646.0;6
2;46928.0;Valentina;Vinnie;SEASHELLS;648.0;14
2;46933.0;Valentina;Vinnie;SEASHELLS;648.0;13
2;46937.0;Valentina;Ruby;SEASHELLS;649.0;18
2;46940.0;Valentina;Vinnie;SEASHELLS;651.0;20
2;46942.0;Valentina;Vinnie;SEASHELLS;649.0;13
2;46961.0;Valentina;Ruby;SEASHELLS;650.0;13
2;46961.0;Valentina;Valentina;SEASHELLS;650.0;6
2;46972.0;Valentina;Vinnie;SEASHELLS;650.0;13
2;46975.0;Valentina;Ruby;SEASHELLS;652.0;14
2;46984.0;Vinnie;Vinnie;SEASHELLS;648.0;2
2;47008.0;Valentina;Vinnie;SEASHELLS;650.0;11
2;47011.0;Ruby;Valentina;SEASHELLS;653.0;19
2;47011.0;Valentina;Vinnie;SEASHELLS;652.0;16
2;47024.0;Valentina;Ruby;SEASHELLS;647.0;15
2;47026.0;Ruby;Valentina;SEASHELLS;646.0;19
2;47037.0;Valentina;Rhianna;SEASHELLS;644.0;5
2;47047.0;Valentina;Ruby;SEASHELLS;651.0;11
2;47057.0;Valentina;Ruby;SEASHELLS;650.0;17
2;47071.0;Valentina;Vinnie;SEASHELLS;651.0;16
2;47071.0;Vladimir;Vinnie;SEASHELLS;651.0;1
2;47074.0;Valentina;Ruby;SEASHELLS;653.0;20
2;47085.0;Vladimir;Rhianna;SEASHELLS;654.0;13
2;47099.0;Valentina;Rhianna;SEASHELLS;652.0;5
2;47107.0;Valentina;Vinnie;SEASHELLS;652.0;17
2;47114.0;Valentina;Vinnie;SEASHELLS;648.0;17
2;47115.0;Valentina;Vinnie;SEASHELLS;649.0;15
2;47117.0;Valentina;Valentina;SEASHELLS;651.0;7
2;47136.0;Valentina;Vinnie;SEASHELLS;646.0;19
2;47165.0;Valentina;Rhianna;SEASHELLS;638.0;7
2;47185.0;Valentina;Rhianna;SEASHELLS;651.0;8
2;47190.0;Valentina;Rhianna;SEASHELLS;645.0;12
2;47206.0;Valentina;Vinnie;SEASHELLS;649.0;13
2;47206.0;Valentina;Rhianna;SEASHELLS;649.0;5
2;47229.0;Vladimir;Ruby;SEASHELLS;647.0;8
2;47229.0;Vladimir;Rhianna;SEASHELLS;647.0;5
2;47233.0;Valentina;Ruby;SEASHELLS;648.0;20
2;47251.0;Valentina;Vinnie;SEASHELLS;651.0;10
2;47252.0;Valentina;Valentina;SEASHELLS;651.0;9
2;47253.0;Valentina;Vinnie;SEASHELLS;652.0;1
2;47256.0;Ruby;Valentina;SEASHELLS;653.0;11
2;47261.0;Valentina;Ruby;SEASHELLS;650.0;11
2;47268.0;Valentina;Ruby;SEASHELLS;653.0;15
2;47269.0;Valentina;Rhianna;SEASHELLS;654.0;11
2;47275.0;Valentina;Ruby;SEASHELLS;653.0;15
2;47284.0;Valentina;Rhianna;SEASHELLS;658.0;11
2;47309.0;Valentina;Vinnie;SEASHELLS;662.0;10
2;47315.0;Valentina;Vinnie;SEASHELLS;663.0;16
2;47330.0;Valentina;Ruby;SEASHELLS;658.0;19
2;47342.0;Valentina;Vinnie;SEASHELLS;655.0;12
2;47350.0;Valentina;Valentina;SEASHELLS;660.0;8
2;47360.0;Ruby;Valentina;SEASHELLS;660.0;10
2;47361.0;Vladimir;Ruby;SEASHELLS;658.0;4
2;47361.0;Valentina;Ruby;SEASHELLS;658.0;16
2;47411.0;Ruby;Valentina;SEASHELLS;650.0;17
2;47422.0;Valentina;Rhianna;SEASHELLS;656.0;6
2;47428.0;Valentina;Vinnie;SEASHELLS;658.0;19
2;47448.0;Valentina;Ruby;SEASHELLS;659.0;18
2;47472.0;Valentina;Vinnie;SEASHELLS;658.0;18
2;47479.0;Valentina;Vinnie;SEASHELLS;656.0;12
2;47497.0;Valentina;Vinnie;SEASHELLS;655.0;14
2;47503.0;Valentina;Ruby;SEASHELLS;652.0;12
2;47526.0;Valentina;Vinnie;SEASHELLS;659.0;20
2;47549.0;Valentina;Vinnie;SEASHELLS;660.0;10
2;47555.0;Valentina;Rhianna;SEASHELLS;660.0;5
2;47555.0;Ruby;Valentina;SEASHELLS;661.0;11
2;47574.0;Valentina;Vinnie;SEASHELLS;655.0;18
2;47600.0;Valentina;Valentina;SEASHELLS;663.0;5
2;47621.0;Valentina;Vinnie;SEASHELLS;662.0;13
2;47621.0;Vladimir;Rhianna;SEASHELLS;662.0;7
2;47621.0;Valentina;Rhianna;SEASHELLS;662.0;2
2;47646.0;Valentina;Vinnie;SEASHELLS;657.0;11
2;47648.0;Valentina;Vinnie;SEASHELLS;656.0;16
2;47651.0;Valentina;Valentina;SEASHELLS;654.0;4
2;47654.0;Valentina;Rhianna;SEASHELLS;653.0;9
2;47671.0;Valentina;Valentina;SEASHELLS;651.0;9
2;47690.0;Ruby;Valentina;SEASHELLS;651.0;10
2;47698.0;Valentina;Ruby;SEASHELLS;646.0;20
2;47699.0;Valentina;Ruby;SEASHELLS;646.0;12
2;47699.0;Valentina;Rhianna;SEASHELLS;646.0;7
2;47699.0;Vladimir;Ruby;SEASHELLS;646.0;5
2;47708.0;Valentina;Vinnie;SEASHELLS;642.0;12
2;47735.0;Valentina;Vinnie;SEASHELLS;642.0;20
2;47737.0;Ruby;Vinnie;SEASHELLS;643.0;1
2;47737.0;Valentina;Vinnie;SEASHELLS;642.0;10
2;47737.0;Ruby;Vladimir;SEASHELLS;643.0;12
2;47742.0;Valentina;Vinnie;SEASHELLS;647.0;16
2;47742.0;Vladimir;Vinnie;SEASHELLS;647.0;1
2;47752.0;Valentina;Vinnie;SEASHELLS;650.0;15
2;47776.0;Valentina;Vinnie;SEASHELLS;651.0;12
2;47815.0;Valentina;Vinnie;SEASHELLS;647.0;18
2;47818.0;Valentina;Vinnie;SEASHELLS;650.0;20
2;47848.0;Valentina;Vinnie;SEASHELLS;645.0;16
2;47856.0;Valentina;Vinnie;SEASHELLS;646.0;15
2;47859.0;Valentina;Ruby;SEASHELLS;644.0;13
2;47862.0;Valentina;Ruby;SEASHELLS;645.0;14
2;47879.0;Valentina;Vinnie;SEASHELLS;648.0;15
2;47896.0;Valentina;Vinnie;SEASHELLS;641.0;15
2;47898.0;Valentina;Rhianna;SEASHELLS;639.0;6
2;47917.0;Valentina;Vinnie;SEASHELLS;637.0;17
2;47918.0;Valentina;Rhianna;SEASHELLS;638.0;9
2;47919.0;Valentina;Valentina;SEASHELLS;636.0;8
2;47921.0;Valentina;Vinnie;SEASHELLS;639.0;11
2;47926.0;Valentina;Valentina;SEASHELLS;640.0;8
2;47934.0;Valentina;Vinnie;SEASHELLS;640.0;14
2;47937.0;Vladimir;Vinnie;SEASHELLS;640.0;2
2;47937.0;Valentina;Vinnie;SEASHELLS;640.0;15
2;47938.0;Valentina;Valentina;SEASHELLS;639.0;4
2;47958.0;Valentina;Vinnie;SEASHELLS;643.0;14
2;47964.0;Valentina;Vinnie;SEASHELLS;644.0;13
2;47969.0;Valentina;Ruby;SEASHELLS;648.0;11
2;47981.0;Valentina;Vinnie;SEASHELLS;641.0;17
2;47986.0;Valentina;Vinnie;SEASHELLS;638.0;12
2;47986.0;Valentina;Valentina;SEASHELLS;638.0;4
2;47992.0;Valentina;Rhianna;SEASHELLS;637.0;7
2;47995.0;Valentina;Ruby;SEASHELLS;637.0;13
2;48002.0;Vladimir;Ruby;SEASHELLS;633.0;5
2;48002.0;Valentina;Ruby;SEASHELLS;633.0;15
2;48002.0;Valentina;Vinnie;SEASHELLS;633.0;14
2;48022.0;Valentina;Vinnie;SEASHELLS;639.0;13
2;48044.0;Valentina;Vinnie;SEASHELLS;638.0;16
2;48068.0;Ruby;Vladimir;SEASHELLS;636.0;1
2;48068.0;Ruby;Valentina;SEASHELLS;636.0;17
2;48081.0;Valentina;Vinnie;SEASHELLS;637.0;18
2;48096.0;Valentina;Vinnie;SEASHELLS;638.0;20
2;48110.0;Valentina;Vinnie;SEASHELLS;640.0;20
2;48129.0;Valentina;Vinnie;SEASHELLS;643.0;17
2;48136.0;Valentina;Vinnie;SEASHELLS;639.0;16
2;48176.0;Valentina;Valentina;SEASHELLS;640.0;6
2;48180.0;Valentina;Vinnie;SEASHELLS;642.0;13
2;48199.0;Ruby;Valentina;SEASHELLS;639.0;13
2;48208.0;Valentina;Vinnie;SEASHELLS;631.0;13
2;48220.0;Valentina;Vinnie;SEASHELLS;628.0;17
2;48223.0;Valentina;Valentina;SEASHELLS;630.0;4
2;48224.0;Valentina;Rhianna;SEASHELLS;629.0;7
2;48228.0;Valentina;Ruby;SEASHELLS;630.0;19
2;48243.0;Valentina;Vinnie;SEASHELLS;625.0;13
2;48258.0;Valentina;Vinnie;SEASHELLS;625.0;10
2;48268.0;Valentina;Vinnie;SEASHELLS;627.0;15
2;48285.0;Ruby;Valentina;SEASHELLS;629.0;14
2;48291.0;Valentina;Vinnie;SEASHELLS;628.0;11
2;48326.0;Valentina;Vinnie;SEASHELLS;634.0;20
2;48345.0;Valentina;Vinnie;SEASHELLS;636.0;15
2;48352.0;Ruby;Valentina;SEASHELLS;635.0;17
2;48355.0;Valentina;Vinnie;SEASHELLS;635.0;19
2;48360.0;Valentina;Rhianna;SEASHELLS;638.0;15
2;48390.0;Ruby;Valentina;SEASHELLS;629.0;14
2;48400.0;Valentina;Vinnie;SEASHELLS;625.0;13
2;48425.0;Valentina;Vinnie;SEASHELLS;634.0;11
2;48446.0;Valentina;Vinnie;SEASHELLS;627.0;14
2;48451.0;Ruby;Valentina;SEASHELLS;630.0;13
2;48452.0;Valentina;Vinnie;SEASHELLS;629.0;17
2;48452.0;Vladimir;Vinnie;SEASHELLS;629.0;1
2;48455.0;Valentina;Vinnie;SEASHELLS;629.0;19
2;48458.0;Valentina;Ruby;SEASHELLS;628.0;12
2;48511.0;Ruby;Valentina;SEASHELLS;611.0;14
2;48515.0;Valentina;Valentina;SEASHELLS;609.0;9
2;48524.0;Ruby;Vladimir;SEASHELLS;612.0;1
2;48524.0;Valentina;Vinnie;SEASHELLS;611.0;16
2;48524.0;Ruby;Valentina;SEASHELLS;612.0;19
2;48527.0;Ruby;Valentina;SEASHELLS;612.0;12
2;48532.0;Valentina;Vinnie;SEASHELLS;613.0;10
2;48539.0;Valentina;Vinnie;SEASHELLS;611.0;12
2;48552.0;Valentina;Vinnie;SEASHELLS;620.0;17
2;48560.0;Valentina;Rhianna;SEASHELLS;620.0;12
2;48579.0;Valentina;Rhianna;SEASHELLS;627.0;9
2;48590.0;Valentina;Vinnie;SEASHELLS;626.0;17
2;48594.0;Ruby;Valentina;SEASHELLS;627.0;16
2;48601.0;Valentina;Vinnie;SEASHELLS;627.0;16
2;48612.0;Ruby;Valentina;SEASHELLS;633.0;14
2;48638.0;Valentina;Valentina;SEASHELLS;634.0;4
2;48651.0;Valentina;Vinnie;SEASHELLS;635.0;14
2;48652.0;Valentina;Vinnie;SEASHELLS;634.0;11
2;48653.0;Valentina;Vinnie;SEASHELLS;635.0;17
2;48675.0;Valentina;Vinnie;SEASHELLS;633.0;10
2;48692.0;Ruby;Valentina;SEASHELLS;631.0;18
2;48696.0;Valentina;Vinnie;SEASHELLS;630.0;12
2;48697.0;Valentina;Ruby;SEASHELLS;632.0;10
2;48703.0;Valentina;Vinnie;SEASHELLS;626.0;13
2;48706.0;Valentina;Vinnie;SEASHELLS;623.0;15
2;48726.0;Vladimir;Ruby;SEASHELLS;624.0;2
2;48726.0;Valentina;Ruby;SEASHELLS;624.0;16
2;48732.0;Valentina;Valentina;SEASHELLS;624.0;8
2;48734.0;Ruby;Valentina;SEASHELLS;622.0;13
2;48739.0;Ruby;Valentina;SEASHELLS;622.0;14
2;48780.0;Valentina;Vinnie;SEASHELLS;612.0;19
2;48803.0;Vladimir;Vinnie;SEASHELLS;609.0;2
2;48803.0;Valentina;Vinnie;SEASHELLS;609.0;17
2;48823.0;Valentina;Rhianna;SEASHELLS;611.0;15
2;48828.0;Valentina;Vinnie;SEASHELLS;612.0;11
2;48834.0;Valentina;Vinnie;SEASHELLS;615.0;14
2;48840.0;Ruby;Valentina;SEASHELLS;618.0;12
2;48844.0;Ruby;Valentina;SEASHELLS;621.0;12
2;48856.0;Valentina;Valentina;SEASHELLS;624.0;6
2;48864.0;Vinnie;Vinnie;SEASHELLS;624.0;1
2;48864.0;Vladimir;Vinnie;SEASHELLS;624.0;12
2;48886.0;Ruby;Valentina;SEASHELLS;622.0;12
2;48900.0;Valentina;Vinnie;SEASHELLS;622.0;15
2;48902.0;Valentina;Valentina;SEASHELLS;622.0;7
2;48909.0;Valentina;Ruby;SEASHELLS;618.0;20
2;48911.0;Valentina;Ruby;SEASHELLS;619.0;10
2;48914.0;Valentina;Vinnie;SEASHELLS;622.0;12
2;48931.0;Valentina;Vinnie;SEASHELLS;625.0;11
2;48954.0;Valentina;Ruby;SEASHELLS;633.0;12
2;48982.0;Valentina;Valentina;SEASHELLS;642.0;7
2;48997.0;Ruby;Valentina;SEASHELLS;638.0;17
2;48997.0;Ruby;Vladimir;SEASHELLS;638.0;3
2;49007.0;Valentina;Valentina;SEASHELLS;634.0;10
2;49017.0;Valentina;Vinnie;SEASHELLS;635.0;20
2;49034.0;Valentina;Vinnie;SEASHELLS;641.0;17
2;49046.0;Valentina;Vinnie;SEASHELLS;644.0;19
2;49070.0;Valentina;Vinnie;SEASHELLS;642.0;16
2;49102.0;Valentina;Valentina;SEASHELLS;647.0;6
2;49121.0;Valentina;Ruby;SEASHELLS;653.0;17
2;49132.0;Valentina;Vinnie;SEASHELLS;650.0;11
2;49139.0;Vladimir;Vinnie;SEASHELLS;653.0;4
2;49139.0;Valentina;Vinnie;SEASHELLS;653.0;16
2;49144.0;Ruby;Valentina;SEASHELLS;652.0;14
2;49156.0;Valentina;Vinnie;SEASHELLS;650.0;18
2;49170.0;Valentina;Ruby;SEASHELLS;649.0;14
2;49176.0;Valentina;Rhianna;SEASHELLS;645.0;8
2;49176.0;Valentina;Vinnie;SEASHELLS;645.0;19
2;49176.0;Vladimir;Rhianna;SEASHELLS;645.0;3
2;49197.0;Valentina;Ruby;SEASHELLS;648.0;17
2;49203.0;Ruby;Valentina;SEASHELLS;650.0;10
2;49219.0;Ruby;Valentina;SEASHELLS;657.0;20
2;49225.0;Valentina;Rhianna;SEASHELLS;653.0;7
2;49226.0;Valentina;Rhianna;SEASHELLS;652.0;12
2;49229.0;Valentina;Ruby;SEASHELLS;648.0;15
2;49243.0;Valentina;Vinnie;SEASHELLS;648.0;18
2;49245.0;Ruby;Valentina;SEASHELLS;650.0;13
2;49267.0;Vladimir;Vinnie;SEASHELLS;658.0;1
2;49267.0;Valentina;Vinnie;SEASHELLS;658.0;16
2;49274.0;Valentina;Valentina;SEASHELLS;656.0;6
2;49278.0;Ruby;Valentina;SEASHELLS;660.0;16
2;49282.0;Vinnie;Vinnie;SEASHELLS;659.0;2
2;49284.0;Ruby;Valentina;SEASHELLS;657.0;13
2;49318.0;Valentina;Vinnie;SEASHELLS;653.0;15
2;49328.0;Valentina;Vinnie;SEASHELLS;658.0;15
2;49334.0;Valentina;Ruby;SEASHELLS;663.0;20
2;49337.0;Valentina;Vinnie;SEASHELLS;662.0;10
2;49341.0;Valentina;Rhianna;SEASHELLS;660.0;8
2;49343.0;Ruby;Valentina;SEASHELLS;658.0;18
2;49344.0;Valentina;Vinnie;SEASHELLS;656.0;12
2;49350.0;Ruby;Valentina;SEASHELLS;657.0;18
2;49362.0;Valentina;Vinnie;SEASHELLS;648.0;15
2;49367.0;Vladimir;Ruby;SEASHELLS;649.0;14
2;49374.0;Valentina;Ruby;SEASHELLS;646.0;16
2;49380.0;Valentina;Vinnie;SEASHELLS;647.0;17
2;49391.0;Valentina;Vinnie;SEASHELLS;650.0;13
2;49409.0;Valentina;Vinnie;SEASHELLS;654.0;19
2;49424.0;Valentina;Ruby;SEASHELLS;654.0;13
2;49427.0;Valentina;Vinnie;SEASHELLS;656.0;11
2;49439.0;Valentina;Vinnie;SEASHELLS;661.0;11
2;49464.0;Valentina;Vinnie;SEASHELLS;671.0;20
2;49471.0;Valentina;Vinnie;SEASHELLS;669.0;18
2;49474.0;Valentina;Ruby;SEASHELLS;670.0;17
2;49497.0;Valentina;Ruby;SEASHELLS;670.0;13
2;49500.0;Valentina;Vinnie;SEASHELLS;669.0;11
2;49511.0;Valentina;Vinnie;SEASHELLS;671.0;14
2;49525.0;Valentina;Vinnie;SEASHELLS;664.0;15
2;49525.0;Vladimir;Vinnie;SEASHELLS;664.0;2
2;49546.0;Valentina;Vinnie;SEASHELLS;660.0;16
2;49556.0;Valentina;Valentina;SEASHELLS;669.0;8
2;49596.0;Valentina;Vinnie;SEASHELLS;665.0;12
2;49600.0;Valentina;Vinnie;SEASHELLS;664.0;16
2;49607.0;Valentina;Rhianna;SEASHELLS;659.0;9
2;49608.0;Ruby;Valentina;SEASHELLS;659.0;15
2;49608.0;Valentina;Vinnie;SEASHELLS;658.0;15
2;49608.0;Ruby;Vladimir;SEASHELLS;659.0;2
2;49617.0;Valentina;Vinnie;SEASHELLS;655.0;12
2;49625.0;Valentina;Vladimir;SEASHELLS;659.0;7
2;49636.0;Valentina;Vinnie;SEASHELLS;655.0;17
2;49637.0;Valentina;Valentina;SEASHELLS;654.0;4
2;49655.0;Valentina;Vinnie;SEASHELLS;650.0;14
2;49665.0;Valentina;Rhianna;SEASHELLS;645.0;8
2;49674.0;Ruby;Valentina;SEASHELLS;649.0;11
2;49703.0;Valentina;Vinnie;SEASHELLS;646.0;2
2;49716.0;Valentina;Valentina;SEASHELLS;651.0;10
2;49717.0;Vinnie;Rhianna;SEASHELLS;651.0;1
2;49717.0;Valentina;Rhianna;SEASHELLS;651.0;0
2;49717.0;Vladimir;Vinnie;SEASHELLS;651.0;2
2;49717.0;Vladimir;Rhianna;SEASHELLS;651.0;12
2;49717.0;Valentina;Vinnie;SEASHELLS;651.0;17
2;49729.0;Valentina;Rhianna;SEASHELLS;647.0;11
2;49731.0;Valentina;Vinnie;SEASHELLS;650.0;18
2;49738.0;Valentina;Vinnie;SEASHELLS;650.0;17
2;49739.0;Valentina;Vinnie;SEASHELLS;650.0;13
2;49744.0;Valentina;Rhianna;SEASHELLS;651.0;15
2;49746.0;Valentina;Vinnie;SEASHELLS;650.0;10
2;49749.0;Vladimir;Vinnie;SEASHELLS;648.0;4
2;49749.0;Valentina;Vinnie;SEASHELLS;648.0;16
2;49756.0;Valentina;Vinnie;SEASHELLS;645.0;18
2;49762.0;Valentina;Vinnie;SEASHELLS;645.0;16
2;49771.0;Valentina;Vinnie;SEASHELLS;641.0;17
2;49771.0;Vladimir;Vinnie;SEASHELLS;641.0;3
2;49772.0;Valentina;Rhianna;SEASHELLS;643.0;12
2;49780.0;Ruby;Valentina;SEASHELLS;636.0;10
2;49789.0;Valentina;Vinnie;SEASHELLS;628.0;15
2;49805.0;Valentina;Valentina;SEASHELLS;620.0;5
2;49812.0;Valentina;Vinnie;SEASHELLS;617.0;20
2;49813.0;Valentina;Valentina;SEASHELLS;617.0;9
2;49815.0;Valentina;Vinnie;SEASHELLS;619.0;18
2;49849.0;Valentina;Vinnie;SEASHELLS;629.0;11
2;49855.0;Valentina;Valentina;SEASHELLS;636.0;9
2;49868.0;Valentina;Vinnie;SEASHELLS;639.0;15
2;49868.0;Vladimir;Vinnie;SEASHELLS;639.0;3
2;49878.0;Valentina;Ruby;SEASHELLS;639.0;17
2;49880.0;Ruby;Valentina;SEASHELLS;640.0;18
2;49883.0;Ruby;Valentina;SEASHELLS;642.0;15
2;49928.0;Valentina;Vinnie;SEASHELLS;627.0;15
2;49929.0;Valentina;Valentina;SEASHELLS;626.0;7
2;49937.0;Valentina;Valentina;SEASHELLS;621.0;6
2;49942.0;Valentina;Vinnie;SEASHELLS;621.0;17
2;49947.0;Valentina;Vinnie;SEASHELLS;618.0;11
2;49950.0;Valentina;Valentina;SEASHELLS;621.0;6
2;49953.0;Valentina;Rhianna;SEASHELLS;616.0;8
2;49954.0;Valentina;Valentina;SEASHELLS;618.0;6
2;49955.0;Valentina;Rhianna;SEASHELLS;618.0;14
2;49972.0;Valentina;Vinnie;SEASHELLS;622.0;20
2;49973.0;Valentina;Vinnie;SEASHELLS;622.0;18
2;49979.0;Valentina;Vinnie;SEASHELLS;620.0;13
2;49985.0;Valentina;Vinnie;SEASHELLS;618.0;11
2;49996.0;Valentina;Rhianna;SEASHELLS;622.0;15
3;50013.0;Valentina;Rhianna;SEASHELLS;617.0;15
3;50022.0;Ruby;Valentina;SEASHELLS;616.0;13
3;50042.0;Valentina;Vinnie;SEASHELLS;612.0;12
3;50056.0;Valentina;Valentina;SEASHELLS;609.0;9
3;50083.0;Valentina;Valentina;SEASHELLS;600.0;4
3;50095.0;Valentina;Vinnie;SEASHELLS;601.0;20
3;50101.0;Valentina;Vinnie;SEASHELLS;605.0;11
3;50103.0;Valentina;Vinnie;SEASHELLS;603.0;14
3;50107.0;Vladimir;Valentina;SEASHELLS;604.0;8
3;50119.0;Ruby;Valentina;SEASHELLS;606.0;14
3;50129.0;Valentina;Rhianna;SEASHELLS;608.0;11
3;50138.0;Ruby;Valentina;SEASHELLS;609.0;11
3;50144.0;Valentina;Vinnie;SEASHELLS;607.0;17
3;50147.0;Valentina;Vinnie;SEASHELLS;608.0;12
3;50159.0;Valentina;Rhianna;SEASHELLS;610.0;6
3;50177.0;Valentina;Vinnie;SEASHELLS;604.0;20
3;50198.0;Valentina;Vinnie;SEASHELLS;603.0;12
3;50228.0;Valentina;Rhianna;SEASHELLS;603.0;12
3;50230.0;Valentina;Rhianna;SEASHELLS;604.0;7
3;50231.0;Valentina;Vinnie;SEASHELLS;605.0;16
3;50245.0;Valentina;Vinnie;SEASHELLS;607.0;16
3;50267.0;Valentina;Vinnie;SEASHELLS;608.0;17
3;50271.0;Valentina;Rhianna;SEASHELLS;608.0;7
3;50278.0;Valentina;Vinnie;SEASHELLS;607.0;13
3;50285.0;Valentina;Vinnie;SEASHELLS;603.0;11
3;50285.0;Vladimir;Ruby;SEASHELLS;603.0;2
3;50285.0;Valentina;Ruby;SEASHELLS;603.0;14
3;50298.0;Valentina;Vinnie;SEASHELLS;601.0;14
3;50300.0;Valentina;Rhianna;SEASHELLS;602.0;8
3;50309.0;Valentina;Ruby;SEASHELLS;601.0;17
3;50313.0;Valentina;Vinnie;SEASHELLS;602.0;15
3;50313.0;Vladimir;Vinnie;SEASHELLS;602.0;5
3;50316.0;Valentina;Rhianna;SEASHELLS;604.0;6
3;50344.0;Valentina;Ruby;SEASHELLS;606.0;14
3;50355.0;Valentina;Vinnie;SEASHELLS;604.0;13
3;50359.0;Valentina;Vinnie;SEASHELLS;604.0;17
3;50359.0;Vladimir;Vinnie;SEASHELLS;604.0;1
3;50363.0;Valentina;Ruby;SEASHELLS;602.0;16
3;50363.0;Vladimir;Ruby;SEASHELLS;602.0;4
3;50370.0;Valentina;Rhianna;SEASHELLS;604.0;6
3;50375.0;Valentina;Rhianna;SEASHELLS;602.0;6
3;50377.0;Valentina;Rhianna;SEASHELLS;604.0;9
3;50377.0;Valentina;Vinnie;SEASHELLS;604.0;15
3;50407.0;Valentina;Ruby;SEASHELLS;592.0;13
3;50422.0;Valentina;Vinnie;SEASHELLS;591.0;18
3;50431.0;Valentina;Vinnie;SEASHELLS;593.0;17
3;50431.0;Ruby;Valentina;SEASHELLS;594.0;18
3;50435.0;Valentina;Ruby;SEASHELLS;595.0;15
3;50445.0;Valentina;Vinnie;SEASHELLS;593.0;13
3;50447.0;Valentina;Rhianna;SEASHELLS;592.0;13
3;50449.0;Valentina;Rhianna;SEASHELLS;592.0;12
3;50458.0;Valentina;Vinnie;SEASHELLS;592.0;20
3;50462.0;Valentina;Rhianna;SEASHELLS;589.0;13
3;50465.0;Ruby;Valentina;SEASHELLS;589.0;12
3;50467.0;Ruby;Valentina;SEASHELLS;587.0;16
3;50494.0;Ruby;Valentina;SEASHELLS;601.0;12
3;50497.0;Valentina;Ruby;SEASHELLS;601.0;17
3;50503.0;Valentina;Valentina;SEASHELLS;598.0;4
3;50524.0;Valentina;Vinnie;SEASHELLS;605.0;10
3;50526.0;Valentina;Vinnie;SEASHELLS;601.0;16
3;50532.0;Valentina;Valentina;SEASHELLS;601.0;5
3;50533.0;Valentina;Vinnie;SEASHELLS;599.0;17
3;50542.0;Ruby;Valentina;SEASHELLS;600.0;17
3;50552.0;Valentina;Vinnie;SEASHELLS;608.0;14
3;50560.0;Valentina;Valentina;SEASHELLS;608.0;7
3;50565.0;Valentina;Rhianna;SEASHELLS;604.0;7
3;50567.0;Valentina;Vinnie;SEASHELLS;604.0;12
3;50576.0;Ruby;Valentina;SEASHELLS;601.0;11
3;50579.0;Valentina;Vinnie;SEASHELLS;602.0;20
3;50584.0;Valentina;Valentina;SEASHELLS;603.0;6
