day;timestamp;buyer;seller;currency;price;quantity
0;20001.0;Remy;Vinnie;SEASHELLS;15001.0;3
0;20003.0;Vinnie;Rhianna;SEASHELLS;15000.0;3
0;20013.0;Remy;Vinnie;SEASHELLS;14997.0;1
0;20015.0;Vinnie;Remy;SEASHELLS;14994.0;3
0;20027.0;Remy;Vinnie;SEASHELLS;14974.0;5
0;20032.0;Remy;Vinnie;SEASHELLS;14961.0;5
0;20038.0;Remy;Vinnie;SEASHELLS;14955.0;4
0;20063.0;Vinnie;Remy;SEASHELLS;14962.0;3
0;20078.0;Remy;Vinnie;SEASHELLS;14957.0;1
0;20079.0;Vinnie;Remy;SEASHELLS;14955.0;1
0;20091.0;Vinnie;Remy;SEASHELLS;14957.0;5
0;20094.0;Remy;Vinnie;SEASHELLS;14959.0;4
0;20095.0;Vinnie;Remy;SEASHELLS;14961.0;2
0;20098.0;Remy;Vinnie;SEASHELLS;14960.0;5
0;20118.0;Remy;Vinnie;SEASHELLS;14949.0;2
0;20128.0;Vinnie;Vladimir;SEASHELLS;14933.0;4
0;20140.0;Vinnie;Remy;SEASHELLS;14934.0;4
0;20145.0;Vinnie;Remy;SEASHELLS;14930.0;3
0;20147.0;Remy;Vinnie;SEASHELLS;14926.0;1
0;20157.0;Vinnie;Vladimir;SEASHELLS;14925.0;6
0;20160.0;Vinnie;Vladimir;SEASHELLS;14923.0;7
0;20175.0;Remy;Vinnie;SEASHELLS;14912.0;3
0;20181.0;Vinnie;Remy;SEASHELLS;14907.0;3
0;20185.0;Vinnie;Remy;SEASHELLS;14906.0;1
0;20206.0;Vinnie;Remy;SEASHELLS;14931.0;3
0;20212.0;Remy;Vinnie;SEASHELLS;14927.0;2
0;20217.0;Vinnie;Vladimir;SEASHELLS;14919.0;4
0;20226.0;Vinnie;Remy;SEASHELLS;14905.0;3
0;20237.0;Vinnie;Remy;SEASHELLS;14898.0;4
0;20239.0;Remy;Vinnie;SEASHELLS;14901.0;3
0;20242.0;Remy;Vinnie;SEASHELLS;14896.0;2
0;20287.0;Remy;Vinnie;SEASHELLS;14878.0;2
0;20303.0;Remy;Vinnie;SEASHELLS;14891.0;2
0;20319.0;Remy;Vinnie;SEASHELLS;14885.0;4
0;20326.0;Remy;Vinnie;SEASHELLS;14886.0;5
0;20338.0;Vinnie;Remy;SEASHELLS;14883.0;3
0;20341.0;Vinnie;Remy;SEASHELLS;14888.0;1
0;20348.0;Vinnie;Remy;SEASHELLS;14889.0;3
0;20352.0;Vinnie;Vladimir;SEASHELLS;14891.0;3
0;20355.0;Vinnie;Remy;SEASHELLS;14890.0;2
0;20400.0;Vinnie;Vladimir;SEASHELLS;14878.0;6
0;20406.0;Remy;Vinnie;SEASHELLS;14881.0;5
0;20407.0;Remy;Vinnie;SEASHELLS;14877.0;4
0;20408.0;Remy;Vladimir;SEASHELLS;14874.0;4
0;20413.0;Vinnie;Vladimir;SEASHELLS;14877.0;9
0;20423.0;Vinnie;Remy;SEASHELLS;14881.0;5
0;20444.0;Remy;Vinnie;SEASHELLS;14863.0;3
0;20463.0;Vinnie;Remy;SEASHELLS;14854.0;5
0;20471.0;Vinnie;Vladimir;SEASHELLS;14840.0;9
0;20475.0;Vinnie;Remy;SEASHELLS;14835.0;2
0;20491.0;Vinnie;Remy;SEASHELLS;14824.0;5
0;20492.0;Vinnie;Remy;SEASHELLS;14826.0;4
0;20504.0;Vinnie;Vladimir;SEASHELLS;14805.0;7
0;20534.0;Remy;Vinnie;SEASHELLS;14793.0;1
0;20543.0;Vinnie;Remy;SEASHELLS;14777.0;4
0;20549.0;Vinnie;Remy;SEASHELLS;14769.0;2
0;20558.0;Remy;Vinnie;SEASHELLS;14765.0;3
0;20579.0;Vinnie;Remy;SEASHELLS;14753.0;1
0;20580.0;Vinnie;Remy;SEASHELLS;14756.0;5
0;20581.0;Vinnie;Remy;SEASHELLS;14755.0;5
0;20583.0;Remy;Vinnie;SEASHELLS;14762.0;5
0;20594.0;Remy;Vinnie;SEASHELLS;14763.0;3
0;20627.0;Vinnie;Remy;SEASHELLS;14757.0;5
0;20629.0;Vinnie;Remy;SEASHELLS;14765.0;4
0;20646.0;Vinnie;Remy;SEASHELLS;14765.0;2
0;20655.0;Vinnie;Remy;SEASHELLS;14767.0;5
0;20687.0;Remy;Vinnie;SEASHELLS;14768.0;2
0;20693.0;Remy;Vinnie;SEASHELLS;14770.0;4
0;20697.0;Vinnie;Remy;SEASHELLS;14767.0;2
0;20707.0;Remy;Vinnie;SEASHELLS;14782.0;2
0;20730.0;Remy;Vinnie;SEASHELLS;14785.0;3
0;20733.0;Remy;Vinnie;SEASHELLS;14778.0;1
0;20737.0;Vinnie;Remy;SEASHELLS;14768.0;3
0;20751.0;Remy;Vinnie;SEASHELLS;14779.0;4
0;20752.0;Vinnie;Remy;SEASHELLS;14777.0;2
0;20768.0;Vinnie;Remy;SEASHELLS;14779.0;3
0;20769.0;Vinnie;Remy;SEASHELLS;14780.0;4
0;20778.0;Vinnie;Remy;SEASHELLS;14778.0;1
0;20790.0;Remy;Vinnie;SEASHELLS;14766.0;3
0;20801.0;Vinnie;Vladimir;SEASHELLS;14752.0;11
0;20808.0;Vinnie;Remy;SEASHELLS;14760.0;3
0;20809.0;Remy;Vinnie;SEASHELLS;14763.0;4
0;20829.0;Remy;Vinnie;SEASHELLS;14750.0;5
0;20847.0;Remy;Vinnie;SEASHELLS;14724.0;2
0;20856.0;Remy;Vinnie;SEASHELLS;14724.0;5
0;20863.0;Vinnie;Remy;SEASHELLS;14733.0;4
0;20872.0;Vinnie;Remy;SEASHELLS;14730.0;3
0;20874.0;Remy;Vinnie;SEASHELLS;14736.0;2
0;20880.0;Vinnie;Remy;SEASHELLS;14745.0;1
0;20886.0;Remy;Vinnie;SEASHELLS;14750.0;2
0;20891.0;Vinnie;Remy;SEASHELLS;14750.0;1
0;20892.0;Vinnie;Remy;SEASHELLS;14750.0;1
0;20897.0;Vinnie;Remy;SEASHELLS;14746.0;1
0;20929.0;Remy;Vinnie;SEASHELLS;14768.0;2
0;20937.0;Remy;Vinnie;SEASHELLS;14765.0;1
0;20958.0;Remy;Vinnie;SEASHELLS;14783.0;3
0;20959.0;Vinnie;Remy;SEASHELLS;14779.0;1
0;20962.0;Vinnie;Vladimir;SEASHELLS;14786.0;4
0;20966.0;Remy;Vinnie;SEASHELLS;14786.0;2
0;20981.0;Vinnie;Remy;SEASHELLS;14784.0;3
0;21004.0;Remy;Vinnie;SEASHELLS;14787.0;4
0;21009.0;Vinnie;Vladimir;SEASHELLS;14798.0;8
0;21012.0;Vinnie;Remy;SEASHELLS;14798.0;4
0;21031.0;Vinnie;Remy;SEASHELLS;14762.0;2
0;21035.0;Vinnie;Remy;SEASHELLS;14763.0;2
0;21057.0;Remy;Vinnie;SEASHELLS;14767.0;4
0;21058.0;Vinnie;Remy;SEASHELLS;14769.0;2
0;21059.0;Remy;Vinnie;SEASHELLS;14768.0;2
0;21062.0;Remy;Vinnie;SEASHELLS;14771.0;3
0;21098.0;Vinnie;Remy;SEASHELLS;14742.0;3
0;21110.0;Remy;Vinnie;SEASHELLS;14760.0;3
0;21111.0;Remy;Vinnie;SEASHELLS;14759.0;4
0;21117.0;Vinnie;Remy;SEASHELLS;14753.0;2
0;21138.0;Vinnie;Remy;SEASHELLS;14738.0;4
0;21150.0;Vinnie;Remy;SEASHELLS;14757.0;3
0;21153.0;Remy;Vinnie;SEASHELLS;14756.0;5
0;21156.0;Vinnie;Remy;SEASHELLS;14752.0;2
0;21165.0;Remy;Vinnie;SEASHELLS;14757.0;1
0;21174.0;Vinnie;Remy;SEASHELLS;14746.0;3
0;21175.0;Remy;Vinnie;SEASHELLS;14746.0;3
0;21192.0;Remy;Vinnie;SEASHELLS;14725.0;4
0;21196.0;Vinnie;Vladimir;SEASHELLS;14731.0;11
0;21200.0;Vinnie;Remy;SEASHELLS;14737.0;3
0;21216.0;Remy;Vinnie;SEASHELLS;14732.0;4
0;21221.0;Vinnie;Remy;SEASHELLS;14724.0;5
0;21237.0;Vinnie;Remy;SEASHELLS;14741.0;5
0;21248.0;Vinnie;Remy;SEASHELLS;14744.0;5
0;21250.0;Vinnie;Vladimir;SEASHELLS;14748.0;8
0;21257.0;Vinnie;Remy;SEASHELLS;14737.0;2
0;21261.0;Remy;Vinnie;SEASHELLS;14736.0;3
0;21266.0;Vinnie;Remy;SEASHELLS;14736.0;1
0;21282.0;Remy;Vinnie;SEASHELLS;14752.0;2
0;21284.0;Vinnie;Remy;SEASHELLS;14751.0;3
0;21290.0;Remy;Vinnie;SEASHELLS;14766.0;1
0;21291.0;Vinnie;Remy;SEASHELLS;14761.0;2
0;21307.0;Vinnie;Remy;SEASHELLS;14766.0;5
0;21309.0;Vinnie;Remy;SEASHELLS;14764.0;3
0;21333.0;Remy;Vinnie;SEASHELLS;14779.0;4
0;21338.0;Vinnie;Remy;SEASHELLS;14780.0;5
0;21341.0;Remy;Vinnie;SEASHELLS;14784.0;5
0;21363.0;Vinnie;Remy;SEASHELLS;14761.0;5
0;21367.0;Vinnie;Vladimir;SEASHELLS;14756.0;8
0;21377.0;Remy;Vinnie;SEASHELLS;14750.0;1
0;21385.0;Remy;Vinnie;SEASHELLS;14747.0;2
0;21389.0;Vinnie;Remy;SEASHELLS;14754.0;3
0;21410.0;Remy;Vinnie;SEASHELLS;14758.0;3
0;21411.0;Vinnie;Vladimir;SEASHELLS;14760.0;4
0;21428.0;Vinnie;Remy;SEASHELLS;14759.0;2
0;21432.0;Vinnie;Remy;SEASHELLS;14760.0;2
0;21434.0;Remy;Vinnie;SEASHELLS;14764.0;3
0;21454.0;Vinnie;Remy;SEASHELLS;14750.0;3
0;21455.0;Remy;Vinnie;SEASHELLS;14755.0;5
0;21483.0;Remy;Vinnie;SEASHELLS;14748.0;5
0;21484.0;Remy;Vinnie;SEASHELLS;14750.0;5
0;21498.0;Vinnie;Vladimir;SEASHELLS;14747.0;11
0;21521.0;Remy;Vinnie;SEASHELLS;14776.0;3
0;21536.0;Remy;Vinnie;SEASHELLS;14786.0;3
0;21562.0;Remy;Vinnie;SEASHELLS;14785.0;5
0;21563.0;Vinnie;Remy;SEASHELLS;14788.0;4
0;21577.0;Vinnie;Remy;SEASHELLS;14794.0;4
0;21582.0;Vinnie;Remy;SEASHELLS;14788.0;3
0;21604.0;Vinnie;Remy;SEASHELLS;14785.0;1
0;21615.0;Vinnie;Remy;SEASHELLS;14781.0;1
0;21659.0;Remy;Vinnie;SEASHELLS;14773.0;5
0;21671.0;Vinnie;Remy;SEASHELLS;14760.0;5
0;21677.0;Vinnie;Vladimir;SEASHELLS;14755.0;5
0;21704.0;Vinnie;Remy;SEASHELLS;14717.0;1
0;21708.0;Remy;Vinnie;SEASHELLS;14719.0;2
0;21727.0;Remy;Vinnie;SEASHELLS;14729.0;5
0;21745.0;Vinnie;Remy;SEASHELLS;14716.0;2
0;21751.0;Remy;Vinnie;SEASHELLS;14725.0;3
0;21758.0;Remy;Vinnie;SEASHELLS;14722.0;2
0;21759.0;Remy;Vinnie;SEASHELLS;14720.0;3
0;21776.0;Vinnie;Vladimir;SEASHELLS;14728.0;11
0;21790.0;Remy;Vinnie;SEASHELLS;14730.0;1
0;21801.0;Remy;Vinnie;SEASHELLS;14706.0;1
0;21804.0;Remy;Vinnie;SEASHELLS;14703.0;1
0;21813.0;Vinnie;Remy;SEASHELLS;14713.0;3
0;21818.0;Vinnie;Remy;SEASHELLS;14716.0;3
0;21840.0;Vinnie;Remy;SEASHELLS;14710.0;2
0;21871.0;Vinnie;Remy;SEASHELLS;14734.0;4
0;21877.0;Vinnie;Remy;SEASHELLS;14738.0;4
0;21885.0;Remy;Vinnie;SEASHELLS;14745.0;3
0;21887.0;Remy;Vinnie;SEASHELLS;14737.0;1
0;21890.0;Vinnie;Vladimir;SEASHELLS;14738.0;8
0;21901.0;Remy;Vinnie;SEASHELLS;14747.0;1
0;21918.0;Vinnie;Remy;SEASHELLS;14758.0;4
0;21928.0;Vinnie;Remy;SEASHELLS;14771.0;2
0;21935.0;Vinnie;Vladimir;SEASHELLS;14768.0;5
0;21938.0;Vinnie;Remy;SEASHELLS;14767.0;1
0;21948.0;Vinnie;Vladimir;SEASHELLS;14760.0;6
0;21951.0;Vinnie;Remy;SEASHELLS;14758.0;3
0;21953.0;Vinnie;Remy;SEASHELLS;14758.0;3
0;21964.0;Vinnie;Remy;SEASHELLS;14761.0;5
0;21976.0;Vinnie;Remy;SEASHELLS;14746.0;2
0;21983.0;Vinnie;Remy;SEASHELLS;14753.0;3
0;21985.0;Remy;Vinnie;SEASHELLS;14751.0;3
0;21987.0;Vinnie;Vladimir;SEASHELLS;14753.0;7
0;21988.0;Remy;Vinnie;SEASHELLS;14760.0;1
0;21992.0;Remy;Vinnie;SEASHELLS;14758.0;2
0;22013.0;Vinnie;Remy;SEASHELLS;14740.0;1
0;22018.0;Vinnie;Remy;SEASHELLS;14742.0;4
0;22028.0;Remy;Vinnie;SEASHELLS;14748.0;4
0;22030.0;Vinnie;Remy;SEASHELLS;14748.0;1
0;22049.0;Remy;Vinnie;SEASHELLS;14737.0;5
0;22058.0;Remy;Vinnie;SEASHELLS;14757.0;4
0;22077.0;Vinnie;Remy;SEASHELLS;14737.0;4
0;22078.0;Vinnie;Remy;SEASHELLS;14734.0;1
0;22090.0;Remy;Vinnie;SEASHELLS;14749.0;1
0;22096.0;Vinnie;Remy;SEASHELLS;14743.0;1
0;22141.0;Remy;Vinnie;SEASHELLS;14769.0;3
0;22150.0;Vinnie;Remy;SEASHELLS;14769.0;3
0;22158.0;Vinnie;Remy;SEASHELLS;14779.0;5
0;22196.0;Vinnie;Remy;SEASHELLS;14749.0;4
0;22232.0;Vinnie;Remy;SEASHELLS;14749.0;5
0;22235.0;Vinnie;Remy;SEASHELLS;14741.0;4
0;22243.0;Vinnie;Remy;SEASHELLS;14733.0;4
0;22258.0;Remy;Vinnie;SEASHELLS;14759.0;1
0;22260.0;Remy;Vinnie;SEASHELLS;14755.0;1
0;22266.0;Vinnie;Remy;SEASHELLS;14748.0;2
0;22269.0;Remy;Vinnie;SEASHELLS;14760.0;2
0;22281.0;Vinnie;Remy;SEASHELLS;14751.0;5
0;22286.0;Vinnie;Remy;SEASHELLS;14747.0;3
0;22322.0;Remy;Vinnie;SEASHELLS;14734.0;4
0;22329.0;Remy;Vinnie;SEASHELLS;14735.0;5
0;22336.0;Remy;Vinnie;SEASHELLS;14739.0;5
0;22346.0;Vinnie;Remy;SEASHELLS;14752.0;2
0;22354.0;Vinnie;Remy;SEASHELLS;14738.0;3
0;22371.0;Vinnie;Remy;SEASHELLS;14743.0;5
0;22388.0;Remy;Vinnie;SEASHELLS;14747.0;4
0;22409.0;Vinnie;Remy;SEASHELLS;14731.0;2
0;22414.0;Remy;Vinnie;SEASHELLS;14730.0;1
0;22422.0;Remy;Vinnie;SEASHELLS;14737.0;1
0;22423.0;Remy;Vinnie;SEASHELLS;14730.0;3
0;22427.0;Remy;Vinnie;SEASHELLS;14732.0;3
0;22442.0;Remy;Vinnie;SEASHELLS;14747.0;4
0;22450.0;Remy;Vinnie;SEASHELLS;14740.0;5
0;22471.0;Vinnie;Vladimir;SEASHELLS;14732.0;6
0;22471.0;Remy;Vinnie;SEASHELLS;14733.0;2
0;22475.0;Vinnie;Remy;SEASHELLS;14729.0;4
0;22483.0;Remy;Vinnie;SEASHELLS;14727.0;1
0;22485.0;Vinnie;Vladimir;SEASHELLS;14727.0;6
0;22490.0;Remy;Vinnie;SEASHELLS;14734.0;4
0;22496.0;Vinnie;Remy;SEASHELLS;14746.0;2
0;22497.0;Remy;Vinnie;SEASHELLS;14747.0;1
0;22504.0;Remy;Vinnie;SEASHELLS;14745.0;2
0;22526.0;Remy;Vinnie;SEASHELLS;14742.0;3
0;22542.0;Remy;Vinnie;SEASHELLS;14736.0;3
0;22564.0;Vinnie;Remy;SEASHELLS;14728.0;1
0;22575.0;Vinnie;Remy;SEASHELLS;14749.0;2
0;22584.0;Vinnie;Remy;SEASHELLS;14757.0;5
0;22596.0;Vinnie;Remy;SEASHELLS;14755.0;5
0;22619.0;Remy;Vinnie;SEASHELLS;14752.0;1
0;22622.0;Vinnie;Remy;SEASHELLS;14748.0;1
0;22622.0;Vinnie;Vladimir;SEASHELLS;14748.0;7
0;22631.0;Vinnie;Vladimir;SEASHELLS;14741.0;4
0;22634.0;Vinnie;Remy;SEASHELLS;14749.0;2
0;22637.0;Vinnie;Vladimir;SEASHELLS;14751.0;4
0;22645.0;Remy;Vinnie;SEASHELLS;14763.0;5
0;22647.0;Remy;Vinnie;SEASHELLS;14763.0;1
0;22649.0;Remy;Vinnie;SEASHELLS;14763.0;3
0;22658.0;Vinnie;Remy;SEASHELLS;14775.0;3
0;22661.0;Remy;Vinnie;SEASHELLS;14783.0;5
0;22669.0;Vinnie;Remy;SEASHELLS;14791.0;3
0;22674.0;Vinnie;Remy;SEASHELLS;14784.0;3
0;22680.0;Remy;Vinnie;SEASHELLS;14797.0;4
0;22690.0;Remy;Vinnie;SEASHELLS;14776.0;4
0;22699.0;Vinnie;Remy;SEASHELLS;14786.0;5
0;22701.0;Vinnie;Remy;SEASHELLS;14784.0;4
0;22705.0;Vinnie;Remy;SEASHELLS;14779.0;3
0;22710.0;Remy;Vinnie;SEASHELLS;14778.0;2
0;22717.0;Remy;Vinnie;SEASHELLS;14780.0;4
0;22739.0;Vinnie;Remy;SEASHELLS;14761.0;3
0;22749.0;Remy;Vinnie;SEASHELLS;14758.0;2
0;22755.0;Vinnie;Remy;SEASHELLS;14757.0;3
0;22758.0;Vinnie;Remy;SEASHELLS;14747.0;4
0;22760.0;Remy;Vinnie;SEASHELLS;14746.0;1
0;22764.0;Vinnie;Remy;SEASHELLS;14738.0;5
0;22765.0;Remy;Vinnie;SEASHELLS;14737.0;3
0;22770.0;Remy;Vinnie;SEASHELLS;14741.0;3
0;22775.0;Remy;Vinnie;SEASHELLS;14748.0;1
0;22782.0;Remy;Vinnie;SEASHELLS;14753.0;4
0;22811.0;Vinnie;Remy;SEASHELLS;14762.0;2
0;22815.0;Remy;Vinnie;SEASHELLS;14748.0;2
0;22818.0;Vinnie;Remy;SEASHELLS;14747.0;5
0;22820.0;Remy;Vinnie;SEASHELLS;14746.0;4
0;22823.0;Vinnie;Remy;SEASHELLS;14750.0;2
0;22834.0;Remy;Vinnie;SEASHELLS;14734.0;1
0;22856.0;Remy;Vinnie;SEASHELLS;14733.0;4
0;22858.0;Vinnie;Remy;SEASHELLS;14731.0;1
0;22859.0;Remy;Vinnie;SEASHELLS;14737.0;2
0;22882.0;Remy;Vinnie;SEASHELLS;14740.0;3
0;22888.0;Remy;Vinnie;SEASHELLS;14739.0;1
0;22898.0;Remy;Vinnie;SEASHELLS;14732.0;3
0;22899.0;Vinnie;Vladimir;SEASHELLS;14723.0;5
0;22916.0;Vinnie;Remy;SEASHELLS;14725.0;5
0;22922.0;Vinnie;Remy;SEASHELLS;14722.0;2
0;22926.0;Remy;Vinnie;SEASHELLS;14727.0;3
0;22937.0;Remy;Vinnie;SEASHELLS;14735.0;3
0;22944.0;Remy;Vinnie;SEASHELLS;14741.0;2
0;22953.0;Remy;Vinnie;SEASHELLS;14731.0;1
0;22955.0;Remy;Vinnie;SEASHELLS;14733.0;2
0;22959.0;Vinnie;Remy;SEASHELLS;14723.0;4
0;22960.0;Vinnie;Remy;SEASHELLS;14724.0;1
0;22964.0;Vinnie;Remy;SEASHELLS;14732.0;4
0;22967.0;Vinnie;Remy;SEASHELLS;14733.0;2
0;23005.0;Vinnie;Remy;SEASHELLS;14703.0;1
0;23007.0;Vinnie;Vladimir;SEASHELLS;14704.0;6
0;23022.0;Vinnie;Remy;SEASHELLS;14696.0;2
0;23039.0;Remy;Vinnie;SEASHELLS;14707.0;3
0;23044.0;Vinnie;Vladimir;SEASHELLS;14701.0;4
0;23044.0;Remy;Vinnie;SEASHELLS;14702.0;2
0;23045.0;Remy;Vinnie;SEASHELLS;14699.0;2
0;23074.0;Remy;Vinnie;SEASHELLS;14720.0;5
0;23082.0;Remy;Vinnie;SEASHELLS;14712.0;3
0;23104.0;Remy;Vinnie;SEASHELLS;14728.0;5
0;23106.0;Remy;Vinnie;SEASHELLS;14727.0;3
0;23108.0;Remy;Vinnie;SEASHELLS;14731.0;2
0;23111.0;Vinnie;Remy;SEASHELLS;14735.0;2
0;23122.0;Remy;Vinnie;SEASHELLS;14737.0;4
0;23124.0;Remy;Vinnie;SEASHELLS;14736.0;2
0;23125.0;Remy;Vinnie;SEASHELLS;14732.0;5
0;23146.0;Vinnie;Remy;SEASHELLS;14739.0;2
0;23150.0;Vinnie;Remy;SEASHELLS;14741.0;4
0;23162.0;Vinnie;Remy;SEASHELLS;14751.0;4
0;23174.0;Vinnie;Remy;SEASHELLS;14756.0;3
0;23184.0;Remy;Vinnie;SEASHELLS;14757.0;2
0;23193.0;Remy;Vinnie;SEASHELLS;14774.0;3
0;23209.0;Vinnie;Remy;SEASHELLS;14792.0;2
0;23218.0;Remy;Vinnie;SEASHELLS;14810.0;2
0;23223.0;Vinnie;Remy;SEASHELLS;14811.0;5
0;23238.0;Remy;Vinnie;SEASHELLS;14806.0;1
0;23239.0;Vinnie;Remy;SEASHELLS;14805.0;2
0;23258.0;Vinnie;Remy;SEASHELLS;14799.0;3
0;23264.0;Vinnie;Remy;SEASHELLS;14792.0;5
0;23266.0;Vinnie;Remy;SEASHELLS;14791.0;3
0;23270.0;Vinnie;Remy;SEASHELLS;14791.0;3
0;23273.0;Vinnie;Remy;SEASHELLS;14799.0;4
0;23287.0;Vinnie;Vladimir;SEASHELLS;14793.0;9
0;23288.0;Remy;Vinnie;SEASHELLS;14792.0;4
0;23299.0;Vinnie;Remy;SEASHELLS;14796.0;4
0;23307.0;Remy;Vinnie;SEASHELLS;14788.0;4
0;23309.0;Vinnie;Remy;SEASHELLS;14782.0;3
0;23312.0;Remy;Vinnie;SEASHELLS;14779.0;3
0;23314.0;Vinnie;Remy;SEASHELLS;14784.0;1
0;23331.0;Remy;Vinnie;SEASHELLS;14780.0;3
0;23346.0;Vinnie;Remy;SEASHELLS;14778.0;2
0;23355.0;Vinnie;Vladimir;SEASHELLS;14779.0;7
0;23355.0;Remy;Vinnie;SEASHELLS;14781.0;5
0;23361.0;Vinnie;Vladimir;SEASHELLS;14781.0;6
0;23396.0;Remy;Vinnie;SEASHELLS;14799.0;1
0;23402.0;Vinnie;Remy;SEASHELLS;14785.0;5
0;23421.0;Vinnie;Remy;SEASHELLS;14788.0;5
0;23434.0;Vinnie;Remy;SEASHELLS;14781.0;5
0;23462.0;Remy;Vinnie;SEASHELLS;14775.0;5
0;23464.0;Remy;Vinnie;SEASHELLS;14779.0;3
0;23467.0;Vinnie;Remy;SEASHELLS;14780.0;3
0;23471.0;Vinnie;Remy;SEASHELLS;14794.0;3
0;23480.0;Remy;Vinnie;SEASHELLS;14791.0;5
0;23488.0;Vinnie;Remy;SEASHELLS;14788.0;5
0;23494.0;Remy;Vinnie;SEASHELLS;14780.0;3
0;23502.0;Remy;Vinnie;SEASHELLS;14779.0;5
0;23551.0;Vinnie;Remy;SEASHELLS;14749.0;1
0;23574.0;Vinnie;Vladimir;SEASHELLS;14748.0;9
0;23575.0;Remy;Vinnie;SEASHELLS;14749.0;5
0;23580.0;Vinnie;Remy;SEASHELLS;14751.0;2
0;23594.0;Vinnie;Remy;SEASHELLS;14750.0;4
0;23597.0;Remy;Vinnie;SEASHELLS;14759.0;4
0;23605.0;Remy;Vinnie;SEASHELLS;14759.0;3
0;23607.0;Vinnie;Remy;SEASHELLS;14753.0;4
0;23617.0;Remy;Vinnie;SEASHELLS;14742.0;2
0;23618.0;Vinnie;Remy;SEASHELLS;14733.0;3
0;23619.0;Remy;Vinnie;SEASHELLS;14734.0;2
0;23620.0;Remy;Vinnie;SEASHELLS;14729.0;1
0;23621.0;Vinnie;Remy;SEASHELLS;14727.0;2
0;23686.0;Remy;Vinnie;SEASHELLS;14754.0;4
0;23688.0;Remy;Vinnie;SEASHELLS;14752.0;2
0;23694.0;Remy;Vinnie;SEASHELLS;14748.0;3
0;23702.0;Vinnie;Remy;SEASHELLS;14748.0;4
0;23715.0;Vinnie;Remy;SEASHELLS;14762.0;5
0;23717.0;Remy;Vinnie;SEASHELLS;14773.0;4
0;23721.0;Remy;Vinnie;SEASHELLS;14778.0;4
0;23722.0;Remy;Vinnie;SEASHELLS;14777.0;5
0;23724.0;Vinnie;Remy;SEASHELLS;14776.0;4
0;23725.0;Vinnie;Remy;SEASHELLS;14773.0;3
0;23749.0;Vinnie;Remy;SEASHELLS;14761.0;4
0;23757.0;Vinnie;Remy;SEASHELLS;14751.0;5
0;23768.0;Vinnie;Vladimir;SEASHELLS;14745.0;6
0;23768.0;Remy;Vinnie;SEASHELLS;14746.0;2
0;23769.0;Vinnie;Remy;SEASHELLS;14743.0;1
0;23770.0;Vinnie;Remy;SEASHELLS;14742.0;3
0;23781.0;Vinnie;Remy;SEASHELLS;14737.0;5
0;23804.0;Vinnie;Remy;SEASHELLS;14737.0;2
0;23820.0;Vinnie;Remy;SEASHELLS;14737.0;4
0;23821.0;Remy;Vinnie;SEASHELLS;14740.0;4
0;23828.0;Vinnie;Vladimir;SEASHELLS;14735.0;8
0;23844.0;Remy;Vinnie;SEASHELLS;14752.0;4
0;23869.0;Remy;Vinnie;SEASHELLS;14743.0;1
0;23875.0;Remy;Vinnie;SEASHELLS;14753.0;4
0;23876.0;Vinnie;Vladimir;SEASHELLS;14751.0;3
0;23900.0;Vinnie;Remy;SEASHELLS;14758.0;2
0;23909.0;Vinnie;Remy;SEASHELLS;14758.0;1
0;23915.0;Vinnie;Remy;SEASHELLS;14756.0;1
0;23929.0;Remy;Vinnie;SEASHELLS;14754.0;1
0;23930.0;Vinnie;Remy;SEASHELLS;14756.0;2
0;23946.0;Vinnie;Remy;SEASHELLS;14752.0;2
0;23953.0;Vinnie;Remy;SEASHELLS;14754.0;2
0;23966.0;Vinnie;Remy;SEASHELLS;14744.0;5
0;23967.0;Remy;Vinnie;SEASHELLS;14746.0;3
0;23968.0;Remy;Vinnie;SEASHELLS;14749.0;3
0;23971.0;Vinnie;Remy;SEASHELLS;14746.0;2
0;23990.0;Vinnie;Vladimir;SEASHELLS;14755.0;6
0;23997.0;Vinnie;Vladimir;SEASHELLS;14761.0;8
0;23999.0;Vinnie;Vladimir;SEASHELLS;14758.0;7
0;24006.0;Vinnie;Vladimir;SEASHELLS;14761.0;6
0;24010.0;Remy;Vinnie;SEASHELLS;14755.0;3
0;24023.0;Remy;Vinnie;SEASHELLS;14740.0;3
0;24051.0;Vinnie;Remy;SEASHELLS;14746.0;4
0;24071.0;Remy;Vinnie;SEASHELLS;14767.0;5
0;24072.0;Vinnie;Remy;SEASHELLS;14766.0;3
0;24084.0;Vinnie;Remy;SEASHELLS;14760.0;3
0;24107.0;Remy;Vinnie;SEASHELLS;14787.0;5
0;24120.0;Vinnie;Remy;SEASHELLS;14794.0;1
0;24124.0;Vinnie;Vladimir;SEASHELLS;14798.0;9
0;24130.0;Vinnie;Vladimir;SEASHELLS;14803.0;7
0;24131.0;Vinnie;Remy;SEASHELLS;14805.0;2
0;24139.0;Vinnie;Remy;SEASHELLS;14812.0;4
0;24140.0;Vinnie;Remy;SEASHELLS;14813.0;4
0;24150.0;Vinnie;Remy;SEASHELLS;14818.0;1
0;24152.0;Remy;Vinnie;SEASHELLS;14818.0;2
0;24157.0;Remy;Vinnie;SEASHELLS;14819.0;1
0;24160.0;Vinnie;Remy;SEASHELLS;14803.0;1
0;24165.0;Remy;Vinnie;SEASHELLS;14804.0;5
0;24177.0;Remy;Vinnie;SEASHELLS;14803.0;3
0;24195.0;Remy;Vinnie;SEASHELLS;14823.0;2
0;24201.0;Remy;Vinnie;SEASHELLS;14816.0;5
0;24202.0;Remy;Vinnie;SEASHELLS;14813.0;4
0;24215.0;Remy;Vinnie;SEASHELLS;14802.0;4
0;24219.0;Vinnie;Remy;SEASHELLS;14803.0;3
0;24237.0;Vinnie;Remy;SEASHELLS;14781.0;5
0;24246.0;Remy;Vinnie;SEASHELLS;14775.0;1
0;24264.0;Vinnie;Remy;SEASHELLS;14753.0;1
0;24278.0;Vinnie;Remy;SEASHELLS;14753.0;1
0;24293.0;Remy;Vinnie;SEASHELLS;14738.0;2
0;24301.0;Remy;Vinnie;SEASHELLS;14729.0;5
0;24302.0;Remy;Vinnie;SEASHELLS;14731.0;3
0;24304.0;Vinnie;Remy;SEASHELLS;14731.0;1
0;24310.0;Remy;Vinnie;SEASHELLS;14734.0;4
0;24311.0;Vinnie;Remy;SEASHELLS;14736.0;4
0;24312.0;Vinnie;Remy;SEASHELLS;14738.0;2
0;24313.0;Remy;Vinnie;SEASHELLS;14738.0;5
0;24328.0;Remy;Vinnie;SEASHELLS;14744.0;4
0;24341.0;Vinnie;Vladimir;SEASHELLS;14733.0;8
0;24346.0;Vinnie;Remy;SEASHELLS;14726.0;3
0;24350.0;Vinnie;Remy;SEASHELLS;14720.0;5
0;24355.0;Vinnie;Remy;SEASHELLS;14724.0;5
0;24358.0;Remy;Vinnie;SEASHELLS;14726.0;5
0;24368.0;Remy;Vinnie;SEASHELLS;14730.0;2
0;24378.0;Vinnie;Remy;SEASHELLS;14715.0;5
0;24379.0;Vinnie;Remy;SEASHELLS;14717.0;5
0;24386.0;Vinnie;Vladimir;SEASHELLS;14722.0;10
0;24390.0;Vinnie;Remy;SEASHELLS;14731.0;2
0;24394.0;Remy;Vinnie;SEASHELLS;14726.0;5
0;24395.0;Remy;Vinnie;SEASHELLS;14727.0;3
0;24395.0;Vinnie;Vladimir;SEASHELLS;14725.0;10
0;24407.0;Vinnie;Vladimir;SEASHELLS;14719.0;8
0;24413.0;Remy;Vinnie;SEASHELLS;14719.0;1
0;24426.0;Remy;Vinnie;SEASHELLS;14714.0;3
0;24438.0;Remy;Vinnie;SEASHELLS;14723.0;2
0;24447.0;Remy;Vinnie;SEASHELLS;14734.0;2
0;24461.0;Vinnie;Remy;SEASHELLS;14726.0;1
0;24464.0;Remy;Vinnie;SEASHELLS;14720.0;1
0;24478.0;Remy;Vinnie;SEASHELLS;14719.0;4
0;24479.0;Vinnie;Remy;SEASHELLS;14713.0;1
0;24489.0;Remy;Vinnie;SEASHELLS;14709.0;2
0;24492.0;Vinnie;Remy;SEASHELLS;14702.0;1
0;24520.0;Remy;Vinnie;SEASHELLS;14704.0;3
0;24521.0;Remy;Vinnie;SEASHELLS;14711.0;5
0;24522.0;Vinnie;Remy;SEASHELLS;14710.0;3
0;24523.0;Remy;Vinnie;SEASHELLS;14712.0;1
0;24532.0;Remy;Vinnie;SEASHELLS;14706.0;4
0;24558.0;Vinnie;Remy;SEASHELLS;14694.0;5
0;24576.0;Remy;Vinnie;SEASHELLS;14699.0;1
0;24584.0;Vinnie;Vladimir;SEASHELLS;14695.0;9
0;24587.0;Vinnie;Remy;SEASHELLS;14701.0;2
0;24595.0;Vinnie;Remy;SEASHELLS;14691.0;2
0;24606.0;Remy;Vinnie;SEASHELLS;14670.0;1
0;24612.0;Remy;Vinnie;SEASHELLS;14677.0;5
0;24628.0;Remy;Vinnie;SEASHELLS;14686.0;1
0;24630.0;Remy;Vinnie;SEASHELLS;14684.0;1
0;24641.0;Vinnie;Remy;SEASHELLS;14667.0;1
0;24643.0;Remy;Vinnie;SEASHELLS;14661.0;1
0;24656.0;Vinnie;Remy;SEASHELLS;14664.0;5
0;24657.0;Remy;Vinnie;SEASHELLS;14665.0;5
0;24663.0;Vinnie;Remy;SEASHELLS;14680.0;3
0;24681.0;Remy;Vinnie;SEASHELLS;14666.0;1
0;24682.0;Vinnie;Remy;SEASHELLS;14668.0;3
0;24684.0;Vinnie;Remy;SEASHELLS;14671.0;1
0;24693.0;Remy;Vinnie;SEASHELLS;14677.0;5
0;24695.0;Remy;Vinnie;SEASHELLS;14682.0;1
0;24700.0;Remy;Vinnie;SEASHELLS;14686.0;1
0;24702.0;Vinnie;Remy;SEASHELLS;14682.0;5
0;24718.0;Remy;Vinnie;SEASHELLS;14661.0;3
0;24728.0;Remy;Vinnie;SEASHELLS;14648.0;2
0;24746.0;Remy;Vinnie;SEASHELLS;14630.0;4
0;24751.0;Remy;Vinnie;SEASHELLS;14625.0;2
0;24756.0;Remy;Vinnie;SEASHELLS;14624.0;4
0;24762.0;Vinnie;Remy;SEASHELLS;14626.0;2
0;24765.0;Vinnie;Remy;SEASHELLS;14632.0;5
0;24768.0;Vinnie;Remy;SEASHELLS;14627.0;2
0;24773.0;Vinnie;Remy;SEASHELLS;14631.0;1
0;24807.0;Remy;Vinnie;SEASHELLS;14655.0;2
0;24814.0;Remy;Vinnie;SEASHELLS;14654.0;3
0;24825.0;Remy;Vinnie;SEASHELLS;14647.0;2
0;24845.0;Vinnie;Remy;SEASHELLS;14640.0;2
0;24848.0;Vinnie;Remy;SEASHELLS;14641.0;1
0;24850.0;Remy;Vinnie;SEASHELLS;14647.0;4
0;24852.0;Vinnie;Remy;SEASHELLS;14649.0;2
0;24854.0;Remy;Vinnie;SEASHELLS;14655.0;1
0;24879.0;Vinnie;Remy;SEASHELLS;14671.0;2
0;24900.0;Remy;Vinnie;SEASHELLS;14678.0;2
0;24902.0;Vinnie;Remy;SEASHELLS;14677.0;2
0;24903.0;Remy;Vinnie;SEASHELLS;14681.0;4
0;24913.0;Remy;Vinnie;SEASHELLS;14687.0;1
0;24914.0;Remy;Vinnie;SEASHELLS;14686.0;4
0;24916.0;Remy;Vinnie;SEASHELLS;14688.0;1
0;24932.0;Vinnie;Remy;SEASHELLS;14687.0;4
0;24935.0;Vinnie;Remy;SEASHELLS;14687.0;2
0;24962.0;Remy;Vinnie;SEASHELLS;14660.0;4
0;24979.0;Vinnie;Remy;SEASHELLS;14671.0;5
0;24980.0;Remy;Vinnie;SEASHELLS;14673.0;5
0;24981.0;Vinnie;Remy;SEASHELLS;14673.0;5
0;24983.0;Vinnie;Remy;SEASHELLS;14674.0;1
0;24987.0;Vinnie;Remy;SEASHELLS;14675.0;4
0;24990.0;Vinnie;Remy;SEASHELLS;14674.0;4
0;24999.0;Vinnie;Vladimir;SEASHELLS;14674.0;3
0;25003.0;Remy;Vinnie;SEASHELLS;14682.0;5
0;25008.0;Vinnie;Vladimir;SEASHELLS;14679.0;9
0;25011.0;Vinnie;Remy;SEASHELLS;14681.0;1
0;25017.0;Vinnie;Remy;SEASHELLS;14673.0;5
0;25025.0;Vinnie;Remy;SEASHELLS;14664.0;5
0;25035.0;Remy;Vinnie;SEASHELLS;14678.0;2
0;25041.0;Vinnie;Remy;SEASHELLS;14683.0;4
0;25045.0;Vinnie;Vladimir;SEASHELLS;14691.0;8
0;25049.0;Remy;Vinnie;SEASHELLS;14698.0;2
0;25061.0;Vinnie;Vladimir;SEASHELLS;14704.0;9
0;25072.0;Vinnie;Remy;SEASHELLS;14698.0;2
0;25093.0;Vinnie;Remy;SEASHELLS;14703.0;2
0;25103.0;Remy;Vinnie;SEASHELLS;14699.0;4
0;25107.0;Remy;Vinnie;SEASHELLS;14705.0;5
0;25115.0;Remy;Vinnie;SEASHELLS;14711.0;1
0;25130.0;Vinnie;Remy;SEASHELLS;14692.0;5
0;25132.0;Remy;Vinnie;SEASHELLS;14691.0;4
0;25142.0;Vinnie;Vladimir;SEASHELLS;14696.0;8
0;25155.0;Vinnie;Remy;SEASHELLS;14676.0;5
0;25162.0;Vinnie;Remy;SEASHELLS;14689.0;3
0;25174.0;Vinnie;Remy;SEASHELLS;14692.0;5
0;25181.0;Remy;Vinnie;SEASHELLS;14704.0;4
0;25183.0;Remy;Vinnie;SEASHELLS;14699.0;4
0;25188.0;Vinnie;Vladimir;SEASHELLS;14700.0;9
0;25203.0;Vinnie;Remy;SEASHELLS;14705.0;2
0;25215.0;Vinnie;Remy;SEASHELLS;14712.0;2
0;25218.0;Remy;Vinnie;SEASHELLS;14713.0;1
0;25223.0;Remy;Vinnie;SEASHELLS;14718.0;5
0;25224.0;Remy;Vinnie;SEASHELLS;14723.0;3
0;25233.0;Vinnie;Remy;SEASHELLS;14723.0;1
0;25241.0;Remy;Vinnie;SEASHELLS;14714.0;5
0;25242.0;Remy;Vinnie;SEASHELLS;14718.0;4
0;25245.0;Vinnie;Remy;SEASHELLS;14712.0;4
0;25250.0;Remy;Vinnie;SEASHELLS;14706.0;5
0;25252.0;Vinnie;Vladimir;SEASHELLS;14713.0;10
0;25257.0;Remy;Vinnie;SEASHELLS;14704.0;4
0;25262.0;Remy;Vinnie;SEASHELLS;14695.0;2
0;25279.0;Vinnie;Remy;SEASHELLS;14708.0;2
0;25280.0;Remy;Vinnie;SEASHELLS;14709.0;3
0;25285.0;Remy;Vinnie;SEASHELLS;14716.0;5
0;25289.0;Remy;Vinnie;SEASHELLS;14721.0;2
0;25293.0;Remy;Vinnie;SEASHELLS;14724.0;2
0;25298.0;Remy;Vinnie;SEASHELLS;14726.0;2
0;25316.0;Remy;Vinnie;SEASHELLS;14737.0;5
0;25323.0;Remy;Vinnie;SEASHELLS;14723.0;1
0;25344.0;Remy;Vinnie;SEASHELLS;14700.0;5
0;25369.0;Vinnie;Remy;SEASHELLS;14696.0;3
0;25370.0;Remy;Vinnie;SEASHELLS;14702.0;1
0;25372.0;Remy;Vinnie;SEASHELLS;14692.0;2
0;25378.0;Remy;Vinnie;SEASHELLS;14699.0;1
0;25393.0;Vinnie;Vladimir;SEASHELLS;14691.0;3
0;25396.0;Remy;Vinnie;SEASHELLS;14697.0;1
0;25425.0;Remy;Vinnie;SEASHELLS;14707.0;5
0;25431.0;Remy;Vinnie;SEASHELLS;14706.0;1
0;25444.0;Vinnie;Remy;SEASHELLS;14686.0;2
0;25445.0;Vinnie;Remy;SEASHELLS;14684.0;4
0;25450.0;Vinnie;Remy;SEASHELLS;14687.0;2
0;25463.0;Vinnie;Remy;SEASHELLS;14671.0;5
0;25467.0;Vinnie;Remy;SEASHELLS;14676.0;4
0;25489.0;Remy;Vinnie;SEASHELLS;14679.0;2
0;25490.0;Vinnie;Remy;SEASHELLS;14678.0;1
0;25496.0;Vinnie;Remy;SEASHELLS;14667.0;3
0;25526.0;Remy;Vinnie;SEASHELLS;14678.0;5
0;25529.0;Remy;Vinnie;SEASHELLS;14678.0;3
0;25531.0;Remy;Vinnie;SEASHELLS;14688.0;3
0;25546.0;Vinnie;Remy;SEASHELLS;14687.0;2
0;25553.0;Vinnie;Remy;SEASHELLS;14691.0;4
0;25555.0;Remy;Vinnie;SEASHELLS;14691.0;4
0;25556.0;Remy;Vinnie;SEASHELLS;14692.0;3
0;25558.0;Remy;Vinnie;SEASHELLS;14695.0;5
0;25591.0;Remy;Vinnie;SEASHELLS;14687.0;5
0;25599.0;Vinnie;Remy;SEASHELLS;14693.0;2
0;25605.0;Vinnie;Remy;SEASHELLS;14681.0;2
0;25625.0;Remy;Vinnie;SEASHELLS;14662.0;3
0;25638.0;Remy;Vinnie;SEASHELLS;14685.0;2
0;25641.0;Vinnie;Remy;SEASHELLS;14682.0;4
0;25651.0;Remy;Vinnie;SEASHELLS;14682.0;4
0;25662.0;Vinnie;Remy;SEASHELLS;14667.0;3
0;25668.0;Remy;Vinnie;SEASHELLS;14668.0;1
0;25688.0;Remy;Vinnie;SEASHELLS;14662.0;3
0;25700.0;Vinnie;Remy;SEASHELLS;14635.0;3
0;25704.0;Vinnie;Vladimir;SEASHELLS;14643.0;8
0;25705.0;Vinnie;Remy;SEASHELLS;14645.0;1
0;25713.0;Vinnie;Remy;SEASHELLS;14650.0;1
0;25715.0;Remy;Vinnie;SEASHELLS;14647.0;4
0;25720.0;Remy;Vinnie;SEASHELLS;14650.0;2
0;25733.0;Vinnie;Remy;SEASHELLS;14680.0;5
0;25740.0;Vinnie;Remy;SEASHELLS;14689.0;3
0;25744.0;Vinnie;Remy;SEASHELLS;14692.0;5
0;25767.0;Vinnie;Remy;SEASHELLS;14705.0;3
0;25771.0;Remy;Vinnie;SEASHELLS;14702.0;1
0;25775.0;Remy;Vinnie;SEASHELLS;14689.0;1
0;25781.0;Remy;Vinnie;SEASHELLS;14706.0;1
0;25795.0;Vinnie;Remy;SEASHELLS;14705.0;4
0;25804.0;Vinnie;Remy;SEASHELLS;14712.0;1
0;25809.0;Vinnie;Remy;SEASHELLS;14706.0;1
0;25811.0;Remy;Vinnie;SEASHELLS;14712.0;2
0;25816.0;Vinnie;Remy;SEASHELLS;14707.0;1
0;25823.0;Vinnie;Remy;SEASHELLS;14705.0;5
0;25828.0;Vinnie;Remy;SEASHELLS;14699.0;4
0;25830.0;Remy;Vinnie;SEASHELLS;14700.0;1
0;25865.0;Vinnie;Remy;SEASHELLS;14681.0;3
0;25867.0;Vinnie;Remy;SEASHELLS;14688.0;4
0;25888.0;Vinnie;Vladimir;SEASHELLS;14687.0;11
0;25891.0;Remy;Vinnie;SEASHELLS;14680.0;5
0;25902.0;Vinnie;Remy;SEASHELLS;14692.0;5
0;25907.0;Vinnie;Remy;SEASHELLS;14691.0;1
0;25916.0;Vinnie;Remy;SEASHELLS;14694.0;5
0;25922.0;Vinnie;Remy;SEASHELLS;14696.0;5
0;25926.0;Vinnie;Remy;SEASHELLS;14699.0;3
0;25933.0;Remy;Vinnie;SEASHELLS;14703.0;4
0;25937.0;Remy;Vinnie;SEASHELLS;14705.0;2
0;25948.0;Remy;Vinnie;SEASHELLS;14713.0;4
0;25962.0;Remy;Vinnie;SEASHELLS;14715.0;3
0;26018.0;Vinnie;Remy;SEASHELLS;14702.0;4
0;26038.0;Vinnie;Vladimir;SEASHELLS;14716.0;11
0;26062.0;Remy;Vinnie;SEASHELLS;14730.0;2
0;26063.0;Remy;Vinnie;SEASHELLS;14727.0;4
0;26064.0;Vinnie;Remy;SEASHELLS;14726.0;2
0;26069.0;Vinnie;Remy;SEASHELLS;14734.0;1
0;26072.0;Vinnie;Remy;SEASHELLS;14739.0;2
0;26074.0;Vinnie;Remy;SEASHELLS;14732.0;3
0;26077.0;Vinnie;Vladimir;SEASHELLS;14734.0;11
0;26083.0;Remy;Vinnie;SEASHELLS;14729.0;1
0;26086.0;Remy;Vinnie;SEASHELLS;14734.0;4
0;26089.0;Remy;Vinnie;SEASHELLS;14731.0;4
0;26106.0;Vinnie;Remy;SEASHELLS;14734.0;3
0;26115.0;Vinnie;Remy;SEASHELLS;14740.0;3
0;26121.0;Remy;Vinnie;SEASHELLS;14735.0;4
0;26124.0;Vinnie;Remy;SEASHELLS;14735.0;2
0;26139.0;Vinnie;Remy;SEASHELLS;14740.0;1
0;26143.0;Remy;Vinnie;SEASHELLS;14736.0;3
0;26149.0;Remy;Vinnie;SEASHELLS;14726.0;5
0;26152.0;Vinnie;Remy;SEASHELLS;14733.0;1
0;26164.0;Remy;Vinnie;SEASHELLS;14741.0;4
0;26168.0;Remy;Vinnie;SEASHELLS;14746.0;4
0;26176.0;Remy;Vinnie;SEASHELLS;14744.0;4
0;26179.0;Vinnie;Remy;SEASHELLS;14738.0;3
0;26188.0;Vinnie;Remy;SEASHELLS;14724.0;4
0;26201.0;Remy;Vinnie;SEASHELLS;14715.0;4
0;26214.0;Remy;Vinnie;SEASHELLS;14713.0;3
0;26231.0;Remy;Vinnie;SEASHELLS;14702.0;4
0;26232.0;Remy;Vinnie;SEASHELLS;14705.0;5
0;26250.0;Remy;Vinnie;SEASHELLS;14680.0;4
0;26251.0;Remy;Vinnie;SEASHELLS;14676.0;5
0;26262.0;Remy;Vinnie;SEASHELLS;14681.0;1
0;26275.0;Remy;Vinnie;SEASHELLS;14676.0;4
0;26285.0;Vinnie;Remy;SEASHELLS;14678.0;3
0;26286.0;Remy;Vinnie;SEASHELLS;14675.0;3
0;26290.0;Vinnie;Vladimir;SEASHELLS;14670.0;4
0;26306.0;Vinnie;Vladimir;SEASHELLS;14660.0;5
0;26316.0;Remy;Vinnie;SEASHELLS;14659.0;2
0;26325.0;Vinnie;Remy;SEASHELLS;14661.0;4
0;26328.0;Remy;Vinnie;SEASHELLS;14661.0;3
0;26329.0;Vinnie;Remy;SEASHELLS;14657.0;2
0;26344.0;Remy;Vinnie;SEASHELLS;14659.0;2
0;26352.0;Remy;Vinnie;SEASHELLS;14659.0;5
0;26357.0;Vinnie;Remy;SEASHELLS;14656.0;3
0;26361.0;Vinnie;Remy;SEASHELLS;14653.0;3
0;26400.0;Remy;Vinnie;SEASHELLS;14623.0;5
0;26405.0;Remy;Vinnie;SEASHELLS;14630.0;4
0;26435.0;Vinnie;Remy;SEASHELLS;14632.0;4
0;26438.0;Vinnie;Remy;SEASHELLS;14637.0;5
0;26444.0;Remy;Vinnie;SEASHELLS;14637.0;3
0;26445.0;Vinnie;Remy;SEASHELLS;14632.0;3
0;26448.0;Remy;Vinnie;SEASHELLS;14638.0;5
0;26461.0;Vinnie;Remy;SEASHELLS;14632.0;3
0;26473.0;Vinnie;Remy;SEASHELLS;14625.0;1
0;26481.0;Vinnie;Vladimir;SEASHELLS;14633.0;8
0;26490.0;Vinnie;Remy;SEASHELLS;14643.0;3
0;26508.0;Remy;Vinnie;SEASHELLS;14647.0;1
0;26514.0;Vinnie;Remy;SEASHELLS;14642.0;3
0;26528.0;Remy;Vinnie;SEASHELLS;14638.0;4
0;26540.0;Vinnie;Remy;SEASHELLS;14633.0;5
0;26542.0;Vinnie;Remy;SEASHELLS;14636.0;1
0;26564.0;Vinnie;Remy;SEASHELLS;14614.0;1
0;26574.0;Remy;Vinnie;SEASHELLS;14613.0;2
0;26575.0;Remy;Vinnie;SEASHELLS;14614.0;1
0;26611.0;Vinnie;Remy;SEASHELLS;14631.0;3
0;26616.0;Remy;Vinnie;SEASHELLS;14637.0;5
0;26621.0;Remy;Vinnie;SEASHELLS;14628.0;2
0;26622.0;Vinnie;Remy;SEASHELLS;14626.0;1
0;26634.0;Vinnie;Remy;SEASHELLS;14625.0;3
0;26638.0;Vinnie;Remy;SEASHELLS;14614.0;1
0;26646.0;Remy;Vinnie;SEASHELLS;14608.0;4
0;26648.0;Vinnie;Remy;SEASHELLS;14607.0;4
0;26649.0;Remy;Vinnie;SEASHELLS;14612.0;5
0;26650.0;Remy;Vinnie;SEASHELLS;14613.0;5
0;26654.0;Vinnie;Remy;SEASHELLS;14616.0;1
0;26655.0;Vinnie;Remy;SEASHELLS;14614.0;4
0;26661.0;Remy;Vinnie;SEASHELLS;14614.0;4
0;26679.0;Vinnie;Remy;SEASHELLS;14603.0;3
0;26712.0;Remy;Vinnie;SEASHELLS;14616.0;5
0;26729.0;Vinnie;Remy;SEASHELLS;14606.0;4
0;26736.0;Remy;Vinnie;SEASHELLS;14599.0;5
0;26770.0;Remy;Vinnie;SEASHELLS;14596.0;3
0;26793.0;Vinnie;Vladimir;SEASHELLS;14585.0;11
0;26794.0;Remy;Vinnie;SEASHELLS;14586.0;5
0;26796.0;Vinnie;Remy;SEASHELLS;14584.0;1
0;26807.0;Vinnie;Remy;SEASHELLS;14595.0;1
0;26808.0;Vinnie;Remy;SEASHELLS;14593.0;2
0;26812.0;Remy;Vinnie;SEASHELLS;14596.0;4
0;26836.0;Vinnie;Remy;SEASHELLS;14589.0;5
0;26837.0;Vinnie;Remy;SEASHELLS;14591.0;5
0;26838.0;Vinnie;Vladimir;SEASHELLS;14587.0;4
0;26845.0;Remy;Vinnie;SEASHELLS;14590.0;2
0;26848.0;Remy;Vinnie;SEASHELLS;14592.0;3
0;26854.0;Vinnie;Remy;SEASHELLS;14590.0;2
0;26857.0;Vinnie;Remy;SEASHELLS;14586.0;3
0;26861.0;Vinnie;Remy;SEASHELLS;14589.0;1
0;26862.0;Vinnie;Vladimir;SEASHELLS;14592.0;5
0;26900.0;Remy;Vinnie;SEASHELLS;14587.0;4
0;26910.0;Vinnie;Vladimir;SEASHELLS;14577.0;10
0;26920.0;Remy;Vinnie;SEASHELLS;14573.0;1
0;26924.0;Remy;Vinnie;SEASHELLS;14584.0;3
0;26940.0;Vinnie;Remy;SEASHELLS;14575.0;4
0;26945.0;Remy;Vinnie;SEASHELLS;14573.0;3
0;26947.0;Vinnie;Remy;SEASHELLS;14570.0;1
0;26967.0;Vinnie;Remy;SEASHELLS;14578.0;2
0;26995.0;Remy;Vinnie;SEASHELLS;14575.0;4
0;27008.0;Vinnie;Remy;SEASHELLS;14565.0;1
0;27012.0;Remy;Vinnie;SEASHELLS;14558.0;1
0;27022.0;Remy;Vinnie;SEASHELLS;14563.0;3
0;27035.0;Vinnie;Remy;SEASHELLS;14564.0;1
0;27050.0;Vinnie;Remy;SEASHELLS;14563.0;5
0;27060.0;Vinnie;Remy;SEASHELLS;14567.0;5
0;27069.0;Remy;Vinnie;SEASHELLS;14569.0;3
0;27076.0;Vinnie;Remy;SEASHELLS;14559.0;3
0;27086.0;Vinnie;Remy;SEASHELLS;14547.0;4
0;27097.0;Vinnie;Remy;SEASHELLS;14558.0;1
0;27098.0;Vinnie;Remy;SEASHELLS;14558.0;1
0;27100.0;Remy;Vinnie;SEASHELLS;14556.0;3
0;27123.0;Vinnie;Remy;SEASHELLS;14559.0;2
0;27124.0;Vinnie;Remy;SEASHELLS;14557.0;3
0;27127.0;Remy;Vinnie;SEASHELLS;14556.0;3
0;27135.0;Vinnie;Remy;SEASHELLS;14558.0;1
0;27153.0;Vinnie;Remy;SEASHELLS;14557.0;1
0;27158.0;Vinnie;Remy;SEASHELLS;14560.0;3
0;27162.0;Remy;Vinnie;SEASHELLS;14555.0;1
0;27206.0;Remy;Vinnie;SEASHELLS;14516.0;3
0;27218.0;Remy;Vinnie;SEASHELLS;14512.0;4
0;27225.0;Remy;Vinnie;SEASHELLS;14508.0;1
0;27228.0;Vinnie;Remy;SEASHELLS;14509.0;2
0;27240.0;Remy;Vinnie;SEASHELLS;14499.0;3
0;27252.0;Remy;Vinnie;SEASHELLS;14489.0;1
0;27258.0;Vinnie;Remy;SEASHELLS;14482.0;4
0;27265.0;Remy;Vinnie;SEASHELLS;14476.0;2
0;27268.0;Remy;Vinnie;SEASHELLS;14471.0;3
0;27281.0;Vinnie;Vladimir;SEASHELLS;14481.0;7
0;27282.0;Remy;Vinnie;SEASHELLS;14483.0;1
0;27307.0;Remy;Vinnie;SEASHELLS;14472.0;1
0;27309.0;Remy;Vinnie;SEASHELLS;14478.0;5
0;27318.0;Remy;Vinnie;SEASHELLS;14466.0;4
0;27321.0;Vinnie;Remy;SEASHELLS;14467.0;4
0;27336.0;Remy;Vinnie;SEASHELLS;14475.0;3
0;27369.0;Remy;Vinnie;SEASHELLS;14443.0;2
0;27383.0;Vinnie;Remy;SEASHELLS;14432.0;5
0;27387.0;Vinnie;Remy;SEASHELLS;14434.0;2
0;27401.0;Vinnie;Remy;SEASHELLS;14423.0;2
0;27403.0;Remy;Vinnie;SEASHELLS;14428.0;4
0;27421.0;Remy;Vinnie;SEASHELLS;14427.0;5
0;27425.0;Vinnie;Remy;SEASHELLS;14428.0;3
0;27428.0;Vinnie;Vladimir;SEASHELLS;14424.0;8
0;27432.0;Vinnie;Remy;SEASHELLS;14426.0;5
0;27437.0;Vinnie;Remy;SEASHELLS;14430.0;3
0;27454.0;Remy;Vinnie;SEASHELLS;14438.0;5
0;27457.0;Vinnie;Remy;SEASHELLS;14438.0;3
0;27473.0;Remy;Vinnie;SEASHELLS;14426.0;4
0;27475.0;Vinnie;Remy;SEASHELLS;14427.0;5
0;27482.0;Remy;Vinnie;SEASHELLS;14425.0;5
0;27484.0;Vinnie;Remy;SEASHELLS;14424.0;5
0;27488.0;Remy;Vinnie;SEASHELLS;14429.0;5
0;27495.0;Vinnie;Remy;SEASHELLS;14427.0;2
0;27502.0;Vinnie;Remy;SEASHELLS;14435.0;3
0;27516.0;Remy;Vinnie;SEASHELLS;14445.0;3
0;27528.0;Vinnie;Remy;SEASHELLS;14434.0;5
0;27534.0;Vinnie;Remy;SEASHELLS;14431.0;3
0;27541.0;Vinnie;Remy;SEASHELLS;14430.0;2
0;27557.0;Remy;Vinnie;SEASHELLS;14431.0;2
0;27567.0;Vinnie;Remy;SEASHELLS;14431.0;3
0;27576.0;Vinnie;Vladimir;SEASHELLS;14430.0;8
0;27589.0;Remy;Vinnie;SEASHELLS;14421.0;5
0;27597.0;Vinnie;Vladimir;SEASHELLS;14425.0;7
0;27609.0;Remy;Vinnie;SEASHELLS;14426.0;1
0;27632.0;Vinnie;Vladimir;SEASHELLS;14419.0;5
0;27633.0;Remy;Vinnie;SEASHELLS;14420.0;3
0;27648.0;Remy;Vinnie;SEASHELLS;14420.0;1
0;27649.0;Vinnie;Vladimir;SEASHELLS;14419.0;6
0;27659.0;Vinnie;Remy;SEASHELLS;14426.0;4
0;27660.0;Remy;Vinnie;SEASHELLS;14424.0;2
0;27669.0;Vinnie;Remy;SEASHELLS;14446.0;3
0;27682.0;Vinnie;Remy;SEASHELLS;14441.0;1
0;27692.0;Remy;Vinnie;SEASHELLS;14444.0;1
0;27700.0;Vinnie;Remy;SEASHELLS;14451.0;1
0;27707.0;Vinnie;Vladimir;SEASHELLS;14442.0;9
0;27710.0;Remy;Vinnie;SEASHELLS;14443.0;4
0;27714.0;Remy;Vinnie;SEASHELLS;14441.0;1
0;27715.0;Remy;Vinnie;SEASHELLS;14436.0;1
0;27720.0;Vinnie;Remy;SEASHELLS;14435.0;3
0;27723.0;Remy;Vinnie;SEASHELLS;14436.0;1
0;27730.0;Vinnie;Remy;SEASHELLS;14435.0;2
0;27733.0;Vinnie;Remy;SEASHELLS;14435.0;5
0;27738.0;Remy;Vinnie;SEASHELLS;14440.0;5
0;27749.0;Vinnie;Remy;SEASHELLS;14431.0;3
0;27752.0;Vinnie;Remy;SEASHELLS;14426.0;4
0;27763.0;Remy;Vinnie;SEASHELLS;14424.0;5
0;27771.0;Vinnie;Remy;SEASHELLS;14426.0;2
0;27777.0;Remy;Vinnie;SEASHELLS;14430.0;5
0;27790.0;Vinnie;Remy;SEASHELLS;14428.0;3
0;27798.0;Remy;Vinnie;SEASHELLS;14422.0;2
0;27810.0;Remy;Vinnie;SEASHELLS;14416.0;3
0;27815.0;Vinnie;Remy;SEASHELLS;14423.0;3
0;27818.0;Vinnie;Remy;SEASHELLS;14422.0;4
0;27825.0;Remy;Vinnie;SEASHELLS;14425.0;4
0;27831.0;Vinnie;Remy;SEASHELLS;14424.0;5
0;27853.0;Vinnie;Vladimir;SEASHELLS;14442.0;6
0;27861.0;Vinnie;Remy;SEASHELLS;14438.0;1
0;27867.0;Vinnie;Vladimir;SEASHELLS;14439.0;8
0;27876.0;Vinnie;Remy;SEASHELLS;14446.0;2
0;27898.0;Vinnie;Remy;SEASHELLS;14428.0;2
0;27920.0;Vinnie;Remy;SEASHELLS;14445.0;3
0;27922.0;Vinnie;Remy;SEASHELLS;14443.0;2
0;27928.0;Vinnie;Remy;SEASHELLS;14440.0;4
0;27936.0;Remy;Vinnie;SEASHELLS;14446.0;4
0;27953.0;Remy;Vinnie;SEASHELLS;14470.0;2
0;27959.0;Vinnie;Remy;SEASHELLS;14470.0;1
0;27961.0;Vinnie;Remy;SEASHELLS;14468.0;2
0;27975.0;Remy;Vinnie;SEASHELLS;14487.0;3
0;27976.0;Remy;Vinnie;SEASHELLS;14491.0;4
0;27982.0;Vinnie;Remy;SEASHELLS;14496.0;3
0;27986.0;Vinnie;Remy;SEASHELLS;14502.0;5
0;27992.0;Remy;Vinnie;SEASHELLS;14500.0;5
0;28000.0;Remy;Vinnie;SEASHELLS;14499.0;2
0;28003.0;Remy;Vinnie;SEASHELLS;14501.0;5
0;28010.0;Vinnie;Remy;SEASHELLS;14494.0;1
0;28013.0;Remy;Vinnie;SEASHELLS;14498.0;3
0;28015.0;Remy;Vinnie;SEASHELLS;14488.0;2
0;28022.0;Vinnie;Remy;SEASHELLS;14492.0;3
0;28027.0;Remy;Vinnie;SEASHELLS;14500.0;5
0;28029.0;Vinnie;Remy;SEASHELLS;14498.0;2
0;28031.0;Vinnie;Vladimir;SEASHELLS;14496.0;3
0;28037.0;Vinnie;Remy;SEASHELLS;14486.0;1
0;28057.0;Remy;Vinnie;SEASHELLS;14503.0;4
0;28058.0;Vinnie;Remy;SEASHELLS;14502.0;5
0;28065.0;Remy;Vinnie;SEASHELLS;14494.0;1
0;28086.0;Vinnie;Remy;SEASHELLS;14495.0;5
0;28097.0;Remy;Vinnie;SEASHELLS;14495.0;1
0;28116.0;Vinnie;Remy;SEASHELLS;14537.0;3
0;28120.0;Vinnie;Remy;SEASHELLS;14541.0;3
0;28125.0;Vinnie;Remy;SEASHELLS;14540.0;3
0;28143.0;Remy;Vinnie;SEASHELLS;14537.0;4
0;28153.0;Remy;Vinnie;SEASHELLS;14546.0;2
0;28165.0;Vinnie;Remy;SEASHELLS;14535.0;2
0;28166.0;Vinnie;Remy;SEASHELLS;14540.0;5
0;28196.0;Vinnie;Remy;SEASHELLS;14551.0;5
0;28197.0;Vinnie;Remy;SEASHELLS;14547.0;2
0;28200.0;Remy;Vinnie;SEASHELLS;14544.0;4
0;28201.0;Remy;Vinnie;SEASHELLS;14547.0;1
0;28213.0;Vinnie;Vladimir;SEASHELLS;14559.0;10
0;28224.0;Remy;Vinnie;SEASHELLS;14566.0;3
0;28225.0;Vinnie;Remy;SEASHELLS;14567.0;5
0;28227.0;Vinnie;Remy;SEASHELLS;14571.0;1
0;28227.0;Vinnie;Vladimir;SEASHELLS;14571.0;6
0;28234.0;Remy;Vinnie;SEASHELLS;14574.0;5
0;28240.0;Vinnie;Remy;SEASHELLS;14576.0;2
0;28255.0;Vinnie;Remy;SEASHELLS;14579.0;1
0;28262.0;Remy;Vinnie;SEASHELLS;14580.0;5
0;28266.0;Vinnie;Remy;SEASHELLS;14579.0;1
0;28268.0;Vinnie;Remy;SEASHELLS;14585.0;2
0;28271.0;Remy;Vinnie;SEASHELLS;14589.0;2
0;28272.0;Vinnie;Remy;SEASHELLS;14592.0;2
0;28276.0;Remy;Vinnie;SEASHELLS;14593.0;4
0;28287.0;Remy;Vinnie;SEASHELLS;14587.0;2
0;28290.0;Vinnie;Remy;SEASHELLS;14579.0;4
0;28291.0;Remy;Vinnie;SEASHELLS;14583.0;3
0;28292.0;Vinnie;Remy;SEASHELLS;14583.0;3
0;28317.0;Vinnie;Remy;SEASHELLS;14559.0;1
0;28323.0;Vinnie;Remy;SEASHELLS;14562.0;4
0;28325.0;Vinnie;Remy;SEASHELLS;14558.0;3
0;28326.0;Remy;Vinnie;SEASHELLS;14558.0;3
0;28335.0;Remy;Vinnie;SEASHELLS;14555.0;2
0;28348.0;Remy;Vinnie;SEASHELLS;14555.0;5
0;28362.0;Vinnie;Remy;SEASHELLS;14567.0;1
0;28363.0;Remy;Vinnie;SEASHELLS;14569.0;5
0;28379.0;Remy;Vinnie;SEASHELLS;14571.0;3
0;28387.0;Vinnie;Remy;SEASHELLS;14576.0;5
0;28430.0;Vinnie;Remy;SEASHELLS;14562.0;2
0;28433.0;Vinnie;Vladimir;SEASHELLS;14571.0;4
0;28435.0;Remy;Vinnie;SEASHELLS;14578.0;2
0;28439.0;Vinnie;Remy;SEASHELLS;14571.0;5
0;28453.0;Vinnie;Remy;SEASHELLS;14562.0;3
0;28456.0;Vinnie;Vladimir;SEASHELLS;14565.0;5
0;28489.0;Vinnie;Remy;SEASHELLS;14561.0;3
0;28507.0;Vinnie;Remy;SEASHELLS;14553.0;4
0;28512.0;Remy;Vinnie;SEASHELLS;14556.0;1
0;28517.0;Vinnie;Remy;SEASHELLS;14546.0;4
0;28520.0;Remy;Vinnie;SEASHELLS;14542.0;4
0;28551.0;Vinnie;Remy;SEASHELLS;14532.0;1
0;28554.0;Vinnie;Remy;SEASHELLS;14531.0;4
0;28563.0;Remy;Vinnie;SEASHELLS;14528.0;5
0;28573.0;Remy;Vinnie;SEASHELLS;14518.0;4
0;28584.0;Vinnie;Remy;SEASHELLS;14540.0;5
0;28589.0;Vinnie;Vladimir;SEASHELLS;14536.0;10
0;28599.0;Vinnie;Remy;SEASHELLS;14524.0;2
0;28603.0;Remy;Vinnie;SEASHELLS;14521.0;1
0;28617.0;Vinnie;Remy;SEASHELLS;14519.0;1
0;28636.0;Remy;Vinnie;SEASHELLS;14520.0;2
0;28643.0;Remy;Vinnie;SEASHELLS;14523.0;1
0;28645.0;Vinnie;Remy;SEASHELLS;14525.0;2
0;28659.0;Remy;Vinnie;SEASHELLS;14508.0;4
0;28667.0;Vinnie;Vladimir;SEASHELLS;14522.0;4
0;28671.0;Remy;Vinnie;SEASHELLS;14521.0;2
0;28681.0;Remy;Vinnie;SEASHELLS;14518.0;3
0;28687.0;Vinnie;Remy;SEASHELLS;14512.0;4
0;28688.0;Remy;Vinnie;SEASHELLS;14511.0;3
0;28697.0;Vinnie;Remy;SEASHELLS;14491.0;2
0;28700.0;Vinnie;Remy;SEASHELLS;14491.0;3
0;28703.0;Remy;Vinnie;SEASHELLS;14493.0;1
0;28705.0;Vinnie;Remy;SEASHELLS;14493.0;5
0;28740.0;Vinnie;Remy;SEASHELLS;14497.0;3
0;28751.0;Vinnie;Remy;SEASHELLS;14479.0;1
0;28771.0;Vinnie;Remy;SEASHELLS;14493.0;4
0;28779.0;Remy;Vinnie;SEASHELLS;14487.0;3
0;28781.0;Remy;Vinnie;SEASHELLS;14495.0;2
0;28782.0;Vinnie;Vladimir;SEASHELLS;14493.0;10
0;28783.0;Vinnie;Vladimir;SEASHELLS;14496.0;8
0;28783.0;Vinnie;Remy;SEASHELLS;14496.0;3
0;28793.0;Remy;Vinnie;SEASHELLS;14493.0;1
0;28798.0;Vinnie;Remy;SEASHELLS;14483.0;4
0;28814.0;Remy;Vinnie;SEASHELLS;14472.0;4
0;28829.0;Remy;Vinnie;SEASHELLS;14473.0;1
0;28836.0;Remy;Vinnie;SEASHELLS;14474.0;1
0;28859.0;Vinnie;Vladimir;SEASHELLS;14466.0;8
0;28861.0;Vinnie;Remy;SEASHELLS;14464.0;1
0;28864.0;Vinnie;Remy;SEASHELLS;14461.0;1
0;28868.0;Vinnie;Remy;SEASHELLS;14456.0;1
0;28872.0;Remy;Vinnie;SEASHELLS;14457.0;4
0;28875.0;Remy;Vinnie;SEASHELLS;14444.0;1
0;28876.0;Vinnie;Remy;SEASHELLS;14442.0;3
0;28879.0;Vinnie;Remy;SEASHELLS;14447.0;1
0;28908.0;Vinnie;Vladimir;SEASHELLS;14464.0;6
0;28909.0;Vinnie;Remy;SEASHELLS;14462.0;3
0;28920.0;Vinnie;Remy;SEASHELLS;14456.0;1
0;28926.0;Remy;Vinnie;SEASHELLS;14448.0;5
0;28961.0;Vinnie;Remy;SEASHELLS;14442.0;2
0;28972.0;Remy;Vinnie;SEASHELLS;14440.0;1
0;28977.0;Remy;Vinnie;SEASHELLS;14435.0;1
0;28984.0;Remy;Vinnie;SEASHELLS;14447.0;5
0;28985.0;Vinnie;Remy;SEASHELLS;14446.0;1
0;28989.0;Vinnie;Remy;SEASHELLS;14445.0;3
0;28992.0;Vinnie;Remy;SEASHELLS;14441.0;5
0;29003.0;Vinnie;Vladimir;SEASHELLS;14443.0;4
0;29004.0;Remy;Vinnie;SEASHELLS;14444.0;4
0;29008.0;Vinnie;Vladimir;SEASHELLS;14444.0;7
0;29011.0;Vinnie;Remy;SEASHELLS;14429.0;3
0;29018.0;Remy;Vinnie;SEASHELLS;14442.0;2
0;29045.0;Vinnie;Remy;SEASHELLS;14416.0;1
0;29047.0;Remy;Vinnie;SEASHELLS;14420.0;1
0;29053.0;Vinnie;Remy;SEASHELLS;14421.0;3
0;29060.0;Vinnie;Remy;SEASHELLS;14417.0;4
0;29062.0;Vinnie;Vladimir;SEASHELLS;14416.0;5
0;29064.0;Vinnie;Remy;SEASHELLS;14412.0;1
0;29109.0;Remy;Vinnie;SEASHELLS;14403.0;3
0;29134.0;Vinnie;Remy;SEASHELLS;14385.0;3
0;29141.0;Rhianna;Vinnie;SEASHELLS;14381.0;3
0;29164.0;Remy;Vinnie;SEASHELLS;14385.0;2
0;29165.0;Vinnie;Remy;SEASHELLS;14387.0;1
0;29206.0;Remy;Vinnie;SEASHELLS;14409.0;3
0;29224.0;Remy;Vinnie;SEASHELLS;14420.0;1
0;29225.0;Remy;Vinnie;SEASHELLS;14416.0;2
0;29226.0;Remy;Vinnie;SEASHELLS;14418.0;1
0;29240.0;Vinnie;Remy;SEASHELLS;14419.0;2
0;29242.0;Remy;Vinnie;SEASHELLS;14427.0;3
0;29260.0;Remy;Vinnie;SEASHELLS;14417.0;1
0;29265.0;Vinnie;Vladimir;SEASHELLS;14418.0;11
0;29272.0;Remy;Vinnie;SEASHELLS;14422.0;5
0;29278.0;Remy;Vinnie;SEASHELLS;14426.0;5
0;29286.0;Vinnie;Remy;SEASHELLS;14441.0;4
0;29305.0;Vinnie;Remy;SEASHELLS;14449.0;2
0;29313.0;Vinnie;Remy;SEASHELLS;14441.0;1
0;29328.0;Vinnie;Remy;SEASHELLS;14451.0;3
0;29337.0;Vinnie;Remy;SEASHELLS;14443.0;1
0;29341.0;Vinnie;Remy;SEASHELLS;14449.0;1
0;29356.0;Vinnie;Remy;SEASHELLS;14438.0;3
0;29361.0;Remy;Vinnie;SEASHELLS;14432.0;5
0;29364.0;Remy;Vinnie;SEASHELLS;14438.0;2
0;29390.0;Vinnie;Vladimir;SEASHELLS;14441.0;8
0;29393.0;Remy;Vinnie;SEASHELLS;14445.0;4
0;29402.0;Vinnie;Vladimir;SEASHELLS;14451.0;9
0;29408.0;Remy;Vinnie;SEASHELLS;14467.0;4
0;29412.0;Vinnie;Remy;SEASHELLS;14459.0;4
0;29415.0;Remy;Vinnie;SEASHELLS;14461.0;3
0;29418.0;Remy;Vinnie;SEASHELLS;14461.0;5
0;29466.0;Vinnie;Vladimir;SEASHELLS;14457.0;11
0;29474.0;Vinnie;Remy;SEASHELLS;14445.0;1
0;29479.0;Vinnie;Remy;SEASHELLS;14456.0;1
0;29482.0;Remy;Vinnie;SEASHELLS;14455.0;4
0;29501.0;Vinnie;Remy;SEASHELLS;14451.0;5
0;29526.0;Vinnie;Remy;SEASHELLS;14469.0;2
0;29537.0;Remy;Vinnie;SEASHELLS;14477.0;3
0;29540.0;Remy;Vinnie;SEASHELLS;14482.0;5
0;29542.0;Remy;Vinnie;SEASHELLS;14484.0;4
0;29557.0;Remy;Vinnie;SEASHELLS;14474.0;3
0;29568.0;Vinnie;Vladimir;SEASHELLS;14488.0;4
0;29573.0;Remy;Vinnie;SEASHELLS;14494.0;2
0;29588.0;Vinnie;Remy;SEASHELLS;14510.0;5
0;29599.0;Vinnie;Remy;SEASHELLS;14511.0;5
0;29608.0;Remy;Vinnie;SEASHELLS;14516.0;4
0;29614.0;Vinnie;Remy;SEASHELLS;14506.0;3
0;29621.0;Vinnie;Remy;SEASHELLS;14512.0;3
0;29645.0;Vinnie;Remy;SEASHELLS;14517.0;3
0;29658.0;Vinnie;Remy;SEASHELLS;14533.0;3
0;29666.0;Vinnie;Vladimir;SEASHELLS;14535.0;3
0;29667.0;Vinnie;Remy;SEASHELLS;14537.0;3
0;29668.0;Vinnie;Remy;SEASHELLS;14541.0;5
0;29676.0;Vinnie;Remy;SEASHELLS;14547.0;3
0;29682.0;Vinnie;Remy;SEASHELLS;14550.0;4
0;29687.0;Vinnie;Vladimir;SEASHELLS;14544.0;6
0;29690.0;Vinnie;Remy;SEASHELLS;14547.0;4
0;29718.0;Remy;Vinnie;SEASHELLS;14553.0;4
0;29722.0;Vinnie;Remy;SEASHELLS;14548.0;3
0;29728.0;Vinnie;Vladimir;SEASHELLS;14544.0;7
0;29731.0;Vinnie;Remy;SEASHELLS;14545.0;5
0;29756.0;Vinnie;Remy;SEASHELLS;14551.0;4
0;29763.0;Remy;Vinnie;SEASHELLS;14550.0;1
0;29779.0;Remy;Vinnie;SEASHELLS;14556.0;3
0;29783.0;Vinnie;Remy;SEASHELLS;14549.0;1
0;29785.0;Vinnie;Remy;SEASHELLS;14549.0;5
0;29787.0;Vinnie;Remy;SEASHELLS;14556.0;1
0;29789.0;Vinnie;Vladimir;SEASHELLS;14563.0;5
0;29796.0;Remy;Vinnie;SEASHELLS;14563.0;4
0;29797.0;Vinnie;Remy;SEASHELLS;14562.0;2
0;29801.0;Vinnie;Remy;SEASHELLS;14562.0;1
0;29804.0;Remy;Vinnie;SEASHELLS;14554.0;3
0;29819.0;Vinnie;Remy;SEASHELLS;14569.0;4
0;29825.0;Remy;Vinnie;SEASHELLS;14563.0;5
0;29840.0;Remy;Vinnie;SEASHELLS;14565.0;2
0;29855.0;Remy;Vinnie;SEASHELLS;14567.0;4
0;29864.0;Vinnie;Remy;SEASHELLS;14574.0;1
0;29890.0;Remy;Vinnie;SEASHELLS;14574.0;3
0;29901.0;Remy;Vinnie;SEASHELLS;14580.0;2
0;29913.0;Vinnie;Remy;SEASHELLS;14571.0;5
0;29932.0;Vinnie;Remy;SEASHELLS;14592.0;2
0;29942.0;Vinnie;Remy;SEASHELLS;14579.0;2
0;29945.0;Vinnie;Remy;SEASHELLS;14575.0;3
0;29947.0;Remy;Vinnie;SEASHELLS;14577.0;5
0;29961.0;Vinnie;Remy;SEASHELLS;14570.0;1
0;29963.0;Remy;Vinnie;SEASHELLS;14568.0;2
0;29967.0;Vinnie;Remy;SEASHELLS;14572.0;4
0;29969.0;Vinnie;Remy;SEASHELLS;14572.0;5
0;29971.0;Vinnie;Remy;SEASHELLS;14570.0;1
0;29990.0;Vinnie;Remy;SEASHELLS;14545.0;2
0;29999.0;Remy;Vinnie;SEASHELLS;14547.0;3
1;30011.0;Vinnie;Remy;SEASHELLS;14550.0;4
1;30012.0;Remy;Vinnie;SEASHELLS;14551.0;5
1;30016.0;Vinnie;Vladimir;SEASHELLS;14551.0;7
1;30020.0;Remy;Vinnie;SEASHELLS;14553.0;2
1;30022.0;Vinnie;Vladimir;SEASHELLS;14557.0;8
1;30023.0;Vinnie;Remy;SEASHELLS;14554.0;3
1;30027.0;Vinnie;Vladimir;SEASHELLS;14561.0;5
1;30028.0;Remy;Vinnie;SEASHELLS;14561.0;5
1;30036.0;Remy;Vinnie;SEASHELLS;14563.0;2
1;30070.0;Vinnie;Vladimir;SEASHELLS;14572.0;8
1;30070.0;Vinnie;Remy;SEASHELLS;14572.0;5
1;30075.0;Remy;Vinnie;SEASHELLS;14572.0;1
1;30082.0;Vinnie;Remy;SEASHELLS;14570.0;5
1;30094.0;Vinnie;Remy;SEASHELLS;14567.0;5
1;30096.0;Remy;Vinnie;SEASHELLS;14566.0;4
1;30106.0;Remy;Vinnie;SEASHELLS;14556.0;5
1;30123.0;Vinnie;Remy;SEASHELLS;14560.0;1
1;30133.0;Vinnie;Vladimir;SEASHELLS;14564.0;8
1;30133.0;Vinnie;Remy;SEASHELLS;14564.0;5
1;30135.0;Remy;Vinnie;SEASHELLS;14569.0;5
1;30150.0;Vinnie;Remy;SEASHELLS;14552.0;5
1;30154.0;Vinnie;Remy;SEASHELLS;14553.0;4
1;30158.0;Remy;Vinnie;SEASHELLS;14555.0;2
1;30178.0;Vinnie;Vladimir;SEASHELLS;14552.0;10
1;30180.0;Vinnie;Remy;SEASHELLS;14556.0;5
1;30187.0;Vinnie;Remy;SEASHELLS;14554.0;5
1;30196.0;Remy;Vinnie;SEASHELLS;14554.0;5
1;30199.0;Remy;Vinnie;SEASHELLS;14560.0;2
1;30202.0;Remy;Vinnie;SEASHELLS;14557.0;5
1;30210.0;Remy;Vinnie;SEASHELLS;14559.0;3
1;30216.0;Vinnie;Remy;SEASHELLS;14556.0;3
1;30223.0;Remy;Vinnie;SEASHELLS;14550.0;2
1;30237.0;Vinnie;Remy;SEASHELLS;14545.0;5
1;30244.0;Vinnie;Remy;SEASHELLS;14537.0;2
1;30258.0;Vinnie;Remy;SEASHELLS;14557.0;5
1;30260.0;Remy;Vinnie;SEASHELLS;14554.0;2
1;30273.0;Vinnie;Remy;SEASHELLS;14555.0;5
1;30274.0;Vinnie;Remy;SEASHELLS;14555.0;1
1;30285.0;Remy;Vinnie;SEASHELLS;14549.0;1
1;30310.0;Vinnie;Remy;SEASHELLS;14547.0;1
1;30313.0;Vinnie;Remy;SEASHELLS;14540.0;1
1;30319.0;Vinnie;Remy;SEASHELLS;14547.0;4
1;30329.0;Remy;Vinnie;SEASHELLS;14549.0;4
1;30335.0;Vinnie;Remy;SEASHELLS;14549.0;4
1;30358.0;Vinnie;Remy;SEASHELLS;14545.0;1
1;30361.0;Vinnie;Remy;SEASHELLS;14550.0;2
1;30365.0;Remy;Vinnie;SEASHELLS;14554.0;1
1;30367.0;Vinnie;Remy;SEASHELLS;14549.0;5
1;30376.0;Vinnie;Vladimir;SEASHELLS;14548.0;7
1;30377.0;Remy;Vinnie;SEASHELLS;14545.0;5
1;30385.0;Vinnie;Remy;SEASHELLS;14554.0;5
1;30388.0;Remy;Vinnie;SEASHELLS;14555.0;1
1;30390.0;Remy;Vinnie;SEASHELLS;14559.0;5
1;30410.0;Remy;Vinnie;SEASHELLS;14564.0;5
1;30424.0;Vinnie;Remy;SEASHELLS;14547.0;3
1;30426.0;Remy;Vinnie;SEASHELLS;14554.0;3
1;30464.0;Remy;Vinnie;SEASHELLS;14542.0;3
1;30468.0;Remy;Vinnie;SEASHELLS;14536.0;2
1;30471.0;Vinnie;Remy;SEASHELLS;14542.0;1
1;30481.0;Remy;Vinnie;SEASHELLS;14558.0;3
1;30488.0;Remy;Vinnie;SEASHELLS;14571.0;1
1;30507.0;Vinnie;Remy;SEASHELLS;14589.0;5
1;30531.0;Remy;Vinnie;SEASHELLS;14589.0;2
1;30546.0;Vinnie;Remy;SEASHELLS;14600.0;4
1;30548.0;Vinnie;Remy;SEASHELLS;14599.0;5
1;30549.0;Remy;Vinnie;SEASHELLS;14597.0;1
1;30554.0;Vinnie;Remy;SEASHELLS;14580.0;4
1;30558.0;Vinnie;Remy;SEASHELLS;14577.0;1
1;30576.0;Remy;Vinnie;SEASHELLS;14591.0;1
1;30577.0;Vinnie;Remy;SEASHELLS;14590.0;3
1;30582.0;Vinnie;Remy;SEASHELLS;14584.0;4
1;30597.0;Remy;Vinnie;SEASHELLS;14591.0;2
1;30601.0;Vinnie;Remy;SEASHELLS;14587.0;4
1;30602.0;Vinnie;Remy;SEASHELLS;14588.0;4
1;30604.0;Remy;Vinnie;SEASHELLS;14589.0;3
1;30615.0;Remy;Vinnie;SEASHELLS;14596.0;3
1;30628.0;Vinnie;Remy;SEASHELLS;14588.0;5
1;30631.0;Remy;Vinnie;SEASHELLS;14589.0;2
1;30637.0;Remy;Vinnie;SEASHELLS;14587.0;3
1;30654.0;Vinnie;Remy;SEASHELLS;14608.0;1
1;30660.0;Remy;Vinnie;SEASHELLS;14593.0;1
1;30681.0;Vinnie;Remy;SEASHELLS;14580.0;1
1;30694.0;Vinnie;Remy;SEASHELLS;14594.0;5
1;30703.0;Vinnie;Remy;SEASHELLS;14595.0;1
1;30710.0;Vinnie;Remy;SEASHELLS;14598.0;4
1;30747.0;Remy;Vinnie;SEASHELLS;14597.0;4
1;30752.0;Remy;Vinnie;SEASHELLS;14607.0;2
1;30757.0;Vinnie;Remy;SEASHELLS;14598.0;5
1;30777.0;Remy;Vinnie;SEASHELLS;14613.0;2
1;30784.0;Remy;Vinnie;SEASHELLS;14613.0;5
1;30791.0;Remy;Vinnie;SEASHELLS;14604.0;5
1;30792.0;Remy;Vinnie;SEASHELLS;14604.0;4
1;30798.0;Vinnie;Vladimir;SEASHELLS;14599.0;6
1;30801.0;Vinnie;Remy;SEASHELLS;14604.0;2
1;30813.0;Remy;Vinnie;SEASHELLS;14616.0;2
1;30825.0;Remy;Vinnie;SEASHELLS;14620.0;1
1;30836.0;Vinnie;Vladimir;SEASHELLS;14605.0;10
1;30866.0;Remy;Vinnie;SEASHELLS;14587.0;3
1;30878.0;Remy;Vinnie;SEASHELLS;14597.0;2
1;30883.0;Vinnie;Vladimir;SEASHELLS;14594.0;9
1;30912.0;Remy;Vinnie;SEASHELLS;14607.0;3
1;30917.0;Vinnie;Remy;SEASHELLS;14614.0;2
1;30926.0;Vinnie;Remy;SEASHELLS;14615.0;1
1;30929.0;Vinnie;Vladimir;SEASHELLS;14618.0;6
1;30955.0;Remy;Vinnie;SEASHELLS;14604.0;3
1;30960.0;Remy;Vinnie;SEASHELLS;14598.0;4
1;30981.0;Remy;Vinnie;SEASHELLS;14616.0;3
1;30996.0;Remy;Vinnie;SEASHELLS;14630.0;4
1;31005.0;Remy;Vinnie;SEASHELLS;14624.0;5
1;31015.0;Remy;Vinnie;SEASHELLS;14620.0;4
1;31016.0;Vinnie;Remy;SEASHELLS;14617.0;3
1;31018.0;Remy;Vinnie;SEASHELLS;14617.0;3
1;31020.0;Remy;Vinnie;SEASHELLS;14620.0;2
1;31021.0;Remy;Vinnie;SEASHELLS;14618.0;5
1;31025.0;Vinnie;Remy;SEASHELLS;14602.0;4
1;31041.0;Vinnie;Remy;SEASHELLS;14604.0;2
1;31047.0;Vinnie;Vladimir;SEASHELLS;14600.0;11
1;31074.0;Remy;Vinnie;SEASHELLS;14587.0;3
1;31076.0;Remy;Vinnie;SEASHELLS;14591.0;5
1;31086.0;Remy;Vinnie;SEASHELLS;14596.0;3
1;31096.0;Remy;Vinnie;SEASHELLS;14600.0;2
1;31100.0;Remy;Vinnie;SEASHELLS;14599.0;4
1;31105.0;Vinnie;Remy;SEASHELLS;14589.0;3
1;31116.0;Remy;Vinnie;SEASHELLS;14579.0;2
1;31123.0;Vinnie;Remy;SEASHELLS;14573.0;2
1;31130.0;Vinnie;Remy;SEASHELLS;14572.0;2
1;31145.0;Vinnie;Remy;SEASHELLS;14567.0;3
1;31148.0;Remy;Vinnie;SEASHELLS;14578.0;1
1;31167.0;Remy;Vinnie;SEASHELLS;14555.0;3
1;31169.0;Remy;Vinnie;SEASHELLS;14555.0;4
1;31193.0;Vinnie;Remy;SEASHELLS;14564.0;5
1;31219.0;Remy;Vinnie;SEASHELLS;14553.0;1
1;31235.0;Remy;Vinnie;SEASHELLS;14564.0;1
1;31269.0;Vinnie;Remy;SEASHELLS;14590.0;4
1;31285.0;Vinnie;Remy;SEASHELLS;14583.0;3
1;31295.0;Vinnie;Vladimir;SEASHELLS;14588.0;8
1;31303.0;Vinnie;Remy;SEASHELLS;14590.0;5
1;31312.0;Remy;Vinnie;SEASHELLS;14586.0;3
1;31315.0;Remy;Vinnie;SEASHELLS;14586.0;2
1;31327.0;Remy;Vinnie;SEASHELLS;14592.0;2
1;31338.0;Vinnie;Remy;SEASHELLS;14590.0;4
1;31359.0;Remy;Vinnie;SEASHELLS;14581.0;5
1;31363.0;Vinnie;Vladimir;SEASHELLS;14579.0;5
1;31370.0;Remy;Vinnie;SEASHELLS;14569.0;2
1;31377.0;Remy;Vinnie;SEASHELLS;14565.0;5
1;31395.0;Remy;Vinnie;SEASHELLS;14569.0;5
1;31416.0;Remy;Vinnie;SEASHELLS;14585.0;3
1;31419.0;Remy;Vinnie;SEASHELLS;14586.0;5
1;31429.0;Vinnie;Remy;SEASHELLS;14574.0;3
1;31430.0;Vinnie;Remy;SEASHELLS;14574.0;5
1;31437.0;Vinnie;Remy;SEASHELLS;14577.0;4
1;31441.0;Remy;Vinnie;SEASHELLS;14573.0;2
1;31443.0;Vinnie;Remy;SEASHELLS;14571.0;5
1;31447.0;Vinnie;Remy;SEASHELLS;14563.0;4
1;31459.0;Remy;Vinnie;SEASHELLS;14569.0;2
1;31462.0;Remy;Vinnie;SEASHELLS;14573.0;4
1;31484.0;Vinnie;Vladimir;SEASHELLS;14568.0;11
1;31489.0;Vinnie;Remy;SEASHELLS;14562.0;1
1;31500.0;Vinnie;Remy;SEASHELLS;14567.0;5
1;31502.0;Remy;Vinnie;SEASHELLS;14566.0;1
1;31503.0;Remy;Vinnie;SEASHELLS;14567.0;4
1;31509.0;Remy;Vinnie;SEASHELLS;14562.0;5
1;31531.0;Remy;Vinnie;SEASHELLS;14553.0;1
1;31539.0;Remy;Vinnie;SEASHELLS;14580.0;3
1;31544.0;Vinnie;Remy;SEASHELLS;14581.0;5
1;31549.0;Vinnie;Vladimir;SEASHELLS;14582.0;7
1;31561.0;Vinnie;Remy;SEASHELLS;14579.0;5
1;31594.0;Vinnie;Remy;SEASHELLS;14562.0;3
1;31614.0;Vinnie;Remy;SEASHELLS;14548.0;2
1;31620.0;Remy;Vinnie;SEASHELLS;14541.0;4
1;31641.0;Vinnie;Remy;SEASHELLS;14531.0;2
1;31661.0;Vinnie;Vladimir;SEASHELLS;14537.0;11
1;31662.0;Remy;Vinnie;SEASHELLS;14537.0;4
1;31662.0;Vinnie;Vladimir;SEASHELLS;14536.0;7
1;31684.0;Remy;Vinnie;SEASHELLS;14527.0;3
1;31718.0;Vinnie;Remy;SEASHELLS;14493.0;2
1;31733.0;Vinnie;Remy;SEASHELLS;14503.0;3
1;31734.0;Remy;Vinnie;SEASHELLS;14506.0;2
1;31735.0;Remy;Vinnie;SEASHELLS;14507.0;1
1;31746.0;Vinnie;Remy;SEASHELLS;14520.0;1
1;31756.0;Remy;Vinnie;SEASHELLS;14522.0;2
1;31766.0;Vinnie;Remy;SEASHELLS;14528.0;3
1;31769.0;Vinnie;Remy;SEASHELLS;14525.0;5
1;31775.0;Remy;Vinnie;SEASHELLS;14518.0;2
1;31777.0;Remy;Vinnie;SEASHELLS;14513.0;3
1;31800.0;Vinnie;Remy;SEASHELLS;14490.0;5
1;31820.0;Vinnie;Vladimir;SEASHELLS;14476.0;10
1;31825.0;Remy;Vinnie;SEASHELLS;14474.0;3
1;31831.0;Vinnie;Remy;SEASHELLS;14482.0;3
1;31838.0;Vinnie;Remy;SEASHELLS;14484.0;1
1;31839.0;Remy;Vinnie;SEASHELLS;14485.0;1
1;31843.0;Vinnie;Remy;SEASHELLS;14488.0;2
1;31845.0;Remy;Vinnie;SEASHELLS;14493.0;5
1;31863.0;Remy;Vinnie;SEASHELLS;14486.0;4
1;31865.0;Vinnie;Remy;SEASHELLS;14477.0;3
1;31877.0;Vinnie;Remy;SEASHELLS;14478.0;1
1;31882.0;Vinnie;Remy;SEASHELLS;14474.0;2
1;31891.0;Remy;Vinnie;SEASHELLS;14480.0;5
1;31894.0;Vinnie;Vladimir;SEASHELLS;14469.0;8
1;31904.0;Remy;Vinnie;SEASHELLS;14468.0;5
1;31919.0;Remy;Vinnie;SEASHELLS;14471.0;3
1;31935.0;Remy;Vinnie;SEASHELLS;14453.0;3
1;31967.0;Vinnie;Remy;SEASHELLS;14476.0;1
1;31970.0;Vinnie;Remy;SEASHELLS;14481.0;2
1;32009.0;Vinnie;Remy;SEASHELLS;14492.0;5
1;32011.0;Vinnie;Remy;SEASHELLS;14493.0;1
1;32015.0;Vinnie;Remy;SEASHELLS;14485.0;2
1;32056.0;Vinnie;Vladimir;SEASHELLS;14495.0;9
1;32063.0;Remy;Vinnie;SEASHELLS;14498.0;1
1;32067.0;Remy;Vinnie;SEASHELLS;14501.0;2
1;32072.0;Vinnie;Remy;SEASHELLS;14505.0;1
1;32080.0;Vinnie;Remy;SEASHELLS;14500.0;2
1;32103.0;Remy;Vinnie;SEASHELLS;14501.0;3
1;32108.0;Vinnie;Remy;SEASHELLS;14500.0;4
1;32112.0;Vinnie;Remy;SEASHELLS;14505.0;2
1;32115.0;Vinnie;Remy;SEASHELLS;14499.0;4
1;32123.0;Remy;Vinnie;SEASHELLS;14499.0;4
1;32139.0;Vinnie;Remy;SEASHELLS;14498.0;2
1;32150.0;Vinnie;Remy;SEASHELLS;14511.0;1
1;32154.0;Vinnie;Remy;SEASHELLS;14507.0;2
1;32185.0;Remy;Vinnie;SEASHELLS;14473.0;1
1;32187.0;Vinnie;Vladimir;SEASHELLS;14466.0;5
1;32214.0;Remy;Vinnie;SEASHELLS;14482.0;4
1;32233.0;Remy;Vinnie;SEASHELLS;14497.0;3
1;32239.0;Remy;Vinnie;SEASHELLS;14496.0;5
1;32267.0;Remy;Vinnie;SEASHELLS;14475.0;1
1;32292.0;Remy;Vinnie;SEASHELLS;14482.0;2
1;32298.0;Vinnie;Remy;SEASHELLS;14479.0;4
1;32371.0;Vinnie;Remy;SEASHELLS;14482.0;5
1;32378.0;Remy;Vinnie;SEASHELLS;14486.0;3
1;32384.0;Remy;Vinnie;SEASHELLS;14483.0;2
1;32396.0;Vinnie;Remy;SEASHELLS;14490.0;4
1;32397.0;Vinnie;Vladimir;SEASHELLS;14496.0;10
1;32404.0;Vinnie;Remy;SEASHELLS;14497.0;1
1;32405.0;Remy;Vinnie;SEASHELLS;14496.0;3
1;32411.0;Remy;Vinnie;SEASHELLS;14495.0;3
1;32412.0;Vinnie;Remy;SEASHELLS;14493.0;2
1;32434.0;Vinnie;Vladimir;SEASHELLS;14485.0;4
1;32437.0;Remy;Vinnie;SEASHELLS;14493.0;2
1;32442.0;Vinnie;Remy;SEASHELLS;14488.0;1
1;32443.0;Vinnie;Remy;SEASHELLS;14487.0;1
1;32457.0;Vinnie;Vladimir;SEASHELLS;14486.0;11
1;32475.0;Vinnie;Vladimir;SEASHELLS;14478.0;6
1;32479.0;Remy;Vinnie;SEASHELLS;14480.0;3
1;32480.0;Remy;Vinnie;SEASHELLS;14480.0;5
1;32482.0;Remy;Vinnie;SEASHELLS;14484.0;5
1;32484.0;Vinnie;Vladimir;SEASHELLS;14485.0;11
1;32490.0;Vinnie;Remy;SEASHELLS;14480.0;1
1;32498.0;Vinnie;Remy;SEASHELLS;14503.0;1
1;32512.0;Remy;Vinnie;SEASHELLS;14487.0;5
1;32515.0;Vinnie;Remy;SEASHELLS;14483.0;1
1;32523.0;Vinnie;Vladimir;SEASHELLS;14480.0;10
1;32527.0;Remy;Vinnie;SEASHELLS;14480.0;2
1;32553.0;Remy;Vinnie;SEASHELLS;14492.0;2
1;32570.0;Remy;Vinnie;SEASHELLS;14509.0;2
1;32605.0;Vinnie;Remy;SEASHELLS;14499.0;4
1;32630.0;Vinnie;Remy;SEASHELLS;14508.0;1
1;32635.0;Remy;Vinnie;SEASHELLS;14520.0;3
1;32639.0;Vinnie;Remy;SEASHELLS;14526.0;5
1;32645.0;Vinnie;Remy;SEASHELLS;14523.0;1
1;32662.0;Vinnie;Remy;SEASHELLS;14531.0;3
1;32703.0;Remy;Vinnie;SEASHELLS;14559.0;4
1;32710.0;Remy;Vinnie;SEASHELLS;14557.0;2
1;32718.0;Remy;Vinnie;SEASHELLS;14567.0;2
1;32753.0;Vinnie;Vladimir;SEASHELLS;14563.0;6
1;32759.0;Vinnie;Remy;SEASHELLS;14571.0;4
1;32760.0;Vinnie;Vladimir;SEASHELLS;14567.0;11
1;32804.0;Remy;Vinnie;SEASHELLS;14620.0;4
1;32809.0;Remy;Vinnie;SEASHELLS;14616.0;4
1;32813.0;Vinnie;Remy;SEASHELLS;14618.0;3
1;32817.0;Remy;Vinnie;SEASHELLS;14616.0;2
1;32820.0;Remy;Vinnie;SEASHELLS;14622.0;3
1;32834.0;Remy;Vinnie;SEASHELLS;14622.0;1
1;32887.0;Vinnie;Rhianna;SEASHELLS;14634.0;3
1;32887.0;Remy;Vinnie;SEASHELLS;14636.0;4
1;32892.0;Remy;Vinnie;SEASHELLS;14625.0;4
1;32892.0;Vinnie;Vladimir;SEASHELLS;14624.0;8
1;32896.0;Vinnie;Vladimir;SEASHELLS;14630.0;3
1;32896.0;Remy;Vinnie;SEASHELLS;14631.0;4
1;32902.0;Remy;Vinnie;SEASHELLS;14614.0;5
1;32904.0;Vinnie;Remy;SEASHELLS;14609.0;5
1;32905.0;Vinnie;Remy;SEASHELLS;14605.0;3
1;32914.0;Vinnie;Vladimir;SEASHELLS;14597.0;9
1;32921.0;Remy;Vinnie;SEASHELLS;14596.0;1
1;32941.0;Vinnie;Remy;SEASHELLS;14590.0;3
1;32969.0;Vinnie;Vladimir;SEASHELLS;14587.0;8
1;32993.0;Remy;Vinnie;SEASHELLS;14575.0;1
1;33013.0;Remy;Vinnie;SEASHELLS;14565.0;2
1;33014.0;Remy;Vinnie;SEASHELLS;14566.0;2
1;33016.0;Vinnie;Remy;SEASHELLS;14565.0;5
1;33027.0;Vinnie;Remy;SEASHELLS;14563.0;5
1;33036.0;Vinnie;Vladimir;SEASHELLS;14552.0;4
1;33056.0;Remy;Vinnie;SEASHELLS;14547.0;5
1;33059.0;Vinnie;Remy;SEASHELLS;14541.0;4
1;33063.0;Remy;Vinnie;SEASHELLS;14548.0;5
1;33072.0;Remy;Vinnie;SEASHELLS;14556.0;3
1;33085.0;Vinnie;Remy;SEASHELLS;14553.0;2
1;33106.0;Remy;Vinnie;SEASHELLS;14552.0;2
1;33124.0;Remy;Vinnie;SEASHELLS;14557.0;4
1;33126.0;Remy;Vinnie;SEASHELLS;14559.0;1
1;33136.0;Remy;Vinnie;SEASHELLS;14555.0;5
1;33139.0;Remy;Vinnie;SEASHELLS;14551.0;2
1;33144.0;Remy;Vinnie;SEASHELLS;14547.0;5
1;33160.0;Remy;Vinnie;SEASHELLS;14534.0;5
1;33165.0;Vinnie;Remy;SEASHELLS;14532.0;3
1;33166.0;Vinnie;Remy;SEASHELLS;14533.0;3
1;33167.0;Vinnie;Remy;SEASHELLS;14535.0;3
1;33168.0;Vinnie;Remy;SEASHELLS;14538.0;3
1;33173.0;Vinnie;Remy;SEASHELLS;14540.0;3
1;33185.0;Remy;Vinnie;SEASHELLS;14539.0;5
1;33186.0;Vinnie;Remy;SEASHELLS;14532.0;4
1;33194.0;Remy;Vinnie;SEASHELLS;14530.0;5
1;33201.0;Vinnie;Vladimir;SEASHELLS;14526.0;6
1;33205.0;Vinnie;Remy;SEASHELLS;14530.0;2
1;33213.0;Remy;Vinnie;SEASHELLS;14522.0;3
1;33216.0;Vinnie;Vladimir;SEASHELLS;14524.0;6
1;33231.0;Vinnie;Remy;SEASHELLS;14508.0;5
1;33232.0;Remy;Vinnie;SEASHELLS;14509.0;1
1;33248.0;Vinnie;Remy;SEASHELLS;14507.0;1
1;33249.0;Remy;Vinnie;SEASHELLS;14511.0;1
1;33264.0;Vinnie;Remy;SEASHELLS;14517.0;2
1;33265.0;Remy;Vinnie;SEASHELLS;14517.0;3
1;33272.0;Remy;Vinnie;SEASHELLS;14518.0;1
1;33275.0;Remy;Vinnie;SEASHELLS;14520.0;4
1;33299.0;Vinnie;Remy;SEASHELLS;14520.0;1
1;33302.0;Remy;Vinnie;SEASHELLS;14521.0;4
1;33321.0;Remy;Vinnie;SEASHELLS;14526.0;4
1;33366.0;Vinnie;Vladimir;SEASHELLS;14524.0;3
1;33385.0;Vinnie;Remy;SEASHELLS;14519.0;4
1;33390.0;Vinnie;Remy;SEASHELLS;14528.0;5
1;33395.0;Vinnie;Vladimir;SEASHELLS;14527.0;9
1;33395.0;Remy;Vinnie;SEASHELLS;14528.0;3
1;33399.0;Vinnie;Vladimir;SEASHELLS;14524.0;4
1;33400.0;Remy;Vinnie;SEASHELLS;14524.0;4
1;33401.0;Vinnie;Remy;SEASHELLS;14523.0;3
1;33411.0;Remy;Vinnie;SEASHELLS;14520.0;5
1;33440.0;Vinnie;Remy;SEASHELLS;14499.0;2
1;33444.0;Remy;Vinnie;SEASHELLS;14501.0;5
1;33450.0;Remy;Vinnie;SEASHELLS;14484.0;5
1;33455.0;Vinnie;Remy;SEASHELLS;14492.0;5
1;33472.0;Remy;Vinnie;SEASHELLS;14499.0;1
1;33489.0;Vinnie;Remy;SEASHELLS;14511.0;3
1;33505.0;Vinnie;Remy;SEASHELLS;14518.0;1
1;33517.0;Vinnie;Vladimir;SEASHELLS;14511.0;11
1;33523.0;Remy;Vinnie;SEASHELLS;14513.0;4
1;33534.0;Vinnie;Remy;SEASHELLS;14513.0;4
1;33550.0;Vinnie;Remy;SEASHELLS;14514.0;4
1;33562.0;Remy;Vinnie;SEASHELLS;14529.0;4
1;33563.0;Vinnie;Vladimir;SEASHELLS;14530.0;5
1;33591.0;Remy;Vinnie;SEASHELLS;14513.0;4
1;33601.0;Vinnie;Remy;SEASHELLS;14516.0;3
1;33603.0;Remy;Vinnie;SEASHELLS;14520.0;5
1;33633.0;Vinnie;Remy;SEASHELLS;14537.0;1
1;33636.0;Remy;Vinnie;SEASHELLS;14540.0;2
1;33644.0;Vinnie;Remy;SEASHELLS;14536.0;5
1;33654.0;Remy;Vinnie;SEASHELLS;14539.0;4
1;33659.0;Vinnie;Remy;SEASHELLS;14541.0;3
1;33666.0;Remy;Vinnie;SEASHELLS;14539.0;2
1;33680.0;Vinnie;Remy;SEASHELLS;14532.0;1
1;33681.0;Remy;Vinnie;SEASHELLS;14537.0;4
1;33686.0;Vinnie;Remy;SEASHELLS;14535.0;2
1;33700.0;Remy;Vinnie;SEASHELLS;14542.0;2
1;33701.0;Vinnie;Remy;SEASHELLS;14543.0;1
1;33704.0;Vinnie;Remy;SEASHELLS;14545.0;4
1;33710.0;Remy;Vinnie;SEASHELLS;14552.0;4
1;33724.0;Vinnie;Remy;SEASHELLS;14556.0;3
1;33729.0;Remy;Vinnie;SEASHELLS;14553.0;3
1;33741.0;Remy;Vinnie;SEASHELLS;14551.0;1
1;33748.0;Remy;Vinnie;SEASHELLS;14560.0;4
1;33762.0;Vinnie;Remy;SEASHELLS;14563.0;1
1;33778.0;Vinnie;Remy;SEASHELLS;14557.0;5
1;33785.0;Vinnie;Remy;SEASHELLS;14550.0;5
1;33794.0;Remy;Vinnie;SEASHELLS;14545.0;5
1;33799.0;Vinnie;Remy;SEASHELLS;14543.0;5
1;33802.0;Vinnie;Remy;SEASHELLS;14537.0;4
1;33816.0;Vinnie;Remy;SEASHELLS;14550.0;3
1;33848.0;Vinnie;Remy;SEASHELLS;14517.0;3
1;33850.0;Vinnie;Remy;SEASHELLS;14517.0;4
1;33879.0;Vinnie;Remy;SEASHELLS;14520.0;5
1;33881.0;Vinnie;Vladimir;SEASHELLS;14523.0;10
1;33882.0;Vinnie;Vladimir;SEASHELLS;14520.0;7
1;33901.0;Remy;Vinnie;SEASHELLS;14539.0;4
1;33905.0;Vinnie;Remy;SEASHELLS;14534.0;5
1;33923.0;Vinnie;Remy;SEASHELLS;14547.0;2
1;33936.0;Vinnie;Remy;SEASHELLS;14554.0;5
1;33965.0;Vinnie;Remy;SEASHELLS;14532.0;5
1;33968.0;Vinnie;Vladimir;SEASHELLS;14527.0;8
1;33972.0;Vinnie;Remy;SEASHELLS;14523.0;3
1;34015.0;Vinnie;Remy;SEASHELLS;14537.0;3
1;34038.0;Vinnie;Remy;SEASHELLS;14553.0;5
1;34040.0;Remy;Vinnie;SEASHELLS;14552.0;1
1;34062.0;Vinnie;Remy;SEASHELLS;14541.0;3
1;34108.0;Remy;Vinnie;SEASHELLS;14551.0;1
1;34118.0;Vinnie;Remy;SEASHELLS;14553.0;3
1;34120.0;Vinnie;Remy;SEASHELLS;14556.0;3
1;34127.0;Remy;Vinnie;SEASHELLS;14551.0;5
1;34148.0;Remy;Vinnie;SEASHELLS;14544.0;1
1;34151.0;Remy;Vinnie;SEASHELLS;14539.0;3
1;34154.0;Remy;Vinnie;SEASHELLS;14539.0;3
1;34157.0;Remy;Vinnie;SEASHELLS;14543.0;1
1;34165.0;Remy;Vinnie;SEASHELLS;14553.0;5
1;34212.0;Vinnie;Remy;SEASHELLS;14548.0;4
1;34213.0;Vinnie;Remy;SEASHELLS;14546.0;4
1;34214.0;Remy;Vinnie;SEASHELLS;14547.0;4
1;34245.0;Vinnie;Vladimir;SEASHELLS;14522.0;5
1;34247.0;Vinnie;Remy;SEASHELLS;14523.0;4
1;34276.0;Vinnie;Remy;SEASHELLS;14531.0;1
1;34279.0;Remy;Vinnie;SEASHELLS;14541.0;4
1;34285.0;Remy;Vinnie;SEASHELLS;14543.0;4
1;34294.0;Remy;Vinnie;SEASHELLS;14550.0;3
1;34334.0;Remy;Vinnie;SEASHELLS;14521.0;3
1;34347.0;Vinnie;Remy;SEASHELLS;14543.0;5
1;34350.0;Vinnie;Remy;SEASHELLS;14542.0;1
1;34370.0;Vinnie;Remy;SEASHELLS;14549.0;3
1;34394.0;Vinnie;Remy;SEASHELLS;14567.0;5
1;34410.0;Vinnie;Remy;SEASHELLS;14569.0;2
1;34412.0;Vinnie;Remy;SEASHELLS;14576.0;5
1;34415.0;Remy;Vinnie;SEASHELLS;14581.0;3
1;34418.0;Remy;Vinnie;SEASHELLS;14579.0;2
1;34425.0;Remy;Vinnie;SEASHELLS;14562.0;1
1;34436.0;Vinnie;Remy;SEASHELLS;14561.0;4
1;34462.0;Vinnie;Vladimir;SEASHELLS;14554.0;3
1;34465.0;Remy;Vinnie;SEASHELLS;14554.0;4
1;34470.0;Vinnie;Remy;SEASHELLS;14548.0;4
1;34473.0;Remy;Vinnie;SEASHELLS;14547.0;1
1;34474.0;Vinnie;Remy;SEASHELLS;14542.0;1
1;34509.0;Remy;Vinnie;SEASHELLS;14528.0;2
1;34517.0;Remy;Vinnie;SEASHELLS;14527.0;3
1;34524.0;Remy;Vinnie;SEASHELLS;14529.0;3
1;34532.0;Remy;Vinnie;SEASHELLS;14527.0;2
1;34536.0;Remy;Vinnie;SEASHELLS;14521.0;2
1;34537.0;Remy;Vinnie;SEASHELLS;14520.0;3
1;34539.0;Remy;Vinnie;SEASHELLS;14524.0;4
1;34548.0;Remy;Vinnie;SEASHELLS;14519.0;2
1;34550.0;Vinnie;Vladimir;SEASHELLS;14519.0;10
1;34556.0;Vinnie;Vladimir;SEASHELLS;14513.0;6
1;34566.0;Vinnie;Remy;SEASHELLS;14506.0;1
1;34587.0;Remy;Vinnie;SEASHELLS;14495.0;2
1;34588.0;Vinnie;Remy;SEASHELLS;14492.0;2
1;34612.0;Remy;Vinnie;SEASHELLS;14489.0;3
1;34615.0;Remy;Vinnie;SEASHELLS;14489.0;2
1;34621.0;Vinnie;Remy;SEASHELLS;14493.0;4
1;34623.0;Vinnie;Remy;SEASHELLS;14490.0;4
1;34632.0;Vinnie;Remy;SEASHELLS;14487.0;3
1;34635.0;Vinnie;Remy;SEASHELLS;14489.0;5
1;34642.0;Remy;Vinnie;SEASHELLS;14492.0;4
1;34664.0;Remy;Vinnie;SEASHELLS;14476.0;3
1;34674.0;Vinnie;Remy;SEASHELLS;14473.0;4
1;34689.0;Vinnie;Remy;SEASHELLS;14462.0;3
1;34692.0;Vinnie;Remy;SEASHELLS;14469.0;4
1;34699.0;Remy;Vinnie;SEASHELLS;14478.0;3
1;34719.0;Remy;Vinnie;SEASHELLS;14487.0;3
1;34721.0;Remy;Vinnie;SEASHELLS;14491.0;1
1;34730.0;Remy;Vinnie;SEASHELLS;14488.0;1
1;34738.0;Vinnie;Remy;SEASHELLS;14494.0;4
1;34744.0;Vinnie;Remy;SEASHELLS;14486.0;4
1;34749.0;Vinnie;Remy;SEASHELLS;14484.0;1
1;34753.0;Vinnie;Remy;SEASHELLS;14489.0;1
1;34755.0;Remy;Vinnie;SEASHELLS;14492.0;2
1;34758.0;Remy;Vinnie;SEASHELLS;14493.0;3
1;34767.0;Vinnie;Remy;SEASHELLS;14489.0;5
1;34771.0;Vinnie;Remy;SEASHELLS;14488.0;3
1;34778.0;Vinnie;Remy;SEASHELLS;14477.0;2
1;34787.0;Remy;Vinnie;SEASHELLS;14477.0;3
1;34791.0;Vinnie;Remy;SEASHELLS;14479.0;4
1;34825.0;Vinnie;Vladimir;SEASHELLS;14474.0;9
1;34825.0;Vinnie;Remy;SEASHELLS;14474.0;2
1;34826.0;Remy;Vinnie;SEASHELLS;14470.0;2
1;34836.0;Remy;Vinnie;SEASHELLS;14470.0;5
1;34844.0;Remy;Vinnie;SEASHELLS;14460.0;5
1;34853.0;Remy;Vinnie;SEASHELLS;14464.0;1
1;34863.0;Vinnie;Remy;SEASHELLS;14458.0;1
1;34870.0;Remy;Vinnie;SEASHELLS;14466.0;2
1;34890.0;Remy;Vinnie;SEASHELLS;14474.0;4
1;34891.0;Vinnie;Remy;SEASHELLS;14472.0;4
1;34894.0;Remy;Vinnie;SEASHELLS;14475.0;2
1;34896.0;Vinnie;Remy;SEASHELLS;14472.0;3
1;34901.0;Vinnie;Remy;SEASHELLS;14477.0;5
1;34911.0;Vinnie;Vladimir;SEASHELLS;14470.0;8
1;34912.0;Remy;Vinnie;SEASHELLS;14472.0;1
1;34913.0;Remy;Vinnie;SEASHELLS;14472.0;4
1;34915.0;Vinnie;Remy;SEASHELLS;14469.0;2
1;34922.0;Remy;Vinnie;SEASHELLS;14469.0;4
1;34923.0;Remy;Vinnie;SEASHELLS;14469.0;4
1;34933.0;Remy;Vinnie;SEASHELLS;14472.0;5
1;34941.0;Remy;Vinnie;SEASHELLS;14482.0;2
1;34960.0;Vinnie;Vladimir;SEASHELLS;14490.0;6
1;34962.0;Vinnie;Remy;SEASHELLS;14495.0;1
1;34991.0;Vinnie;Remy;SEASHELLS;14497.0;4
1;34999.0;Remy;Vinnie;SEASHELLS;14492.0;2
1;35001.0;Vinnie;Remy;SEASHELLS;14498.0;1
1;35021.0;Vinnie;Remy;SEASHELLS;14470.0;5
1;35032.0;Vinnie;Remy;SEASHELLS;14469.0;1
1;35037.0;Vinnie;Remy;SEASHELLS;14470.0;4
1;35047.0;Remy;Vinnie;SEASHELLS;14476.0;3
1;35056.0;Remy;Vinnie;SEASHELLS;14474.0;3
1;35058.0;Remy;Vinnie;SEASHELLS;14473.0;3
1;35065.0;Vinnie;Remy;SEASHELLS;14470.0;2
1;35090.0;Remy;Vinnie;SEASHELLS;14475.0;1
1;35100.0;Vinnie;Remy;SEASHELLS;14480.0;4
1;35102.0;Vinnie;Remy;SEASHELLS;14476.0;1
1;35113.0;Remy;Vinnie;SEASHELLS;14488.0;2
1;35120.0;Remy;Vinnie;SEASHELLS;14492.0;1
1;35137.0;Remy;Vinnie;SEASHELLS;14494.0;1
1;35143.0;Vinnie;Remy;SEASHELLS;14488.0;2
1;35153.0;Vinnie;Remy;SEASHELLS;14494.0;1
1;35175.0;Vinnie;Remy;SEASHELLS;14517.0;4
1;35181.0;Remy;Vinnie;SEASHELLS;14521.0;3
1;35197.0;Vinnie;Remy;SEASHELLS;14517.0;5
1;35205.0;Remy;Vinnie;SEASHELLS;14527.0;3
1;35206.0;Vinnie;Vladimir;SEASHELLS;14523.0;5
1;35226.0;Remy;Vinnie;SEASHELLS;14529.0;4
1;35227.0;Remy;Vinnie;SEASHELLS;14533.0;2
1;35230.0;Vinnie;Remy;SEASHELLS;14535.0;3
1;35246.0;Vinnie;Remy;SEASHELLS;14541.0;3
1;35264.0;Remy;Vinnie;SEASHELLS;14548.0;2
1;35274.0;Remy;Vinnie;SEASHELLS;14534.0;2
1;35280.0;Remy;Vinnie;SEASHELLS;14524.0;1
1;35284.0;Remy;Vinnie;SEASHELLS;14524.0;5
1;35288.0;Remy;Vinnie;SEASHELLS;14526.0;1
1;35295.0;Vinnie;Remy;SEASHELLS;14516.0;1
1;35317.0;Vinnie;Remy;SEASHELLS;14512.0;5
1;35320.0;Vinnie;Remy;SEASHELLS;14516.0;1
1;35330.0;Vinnie;Remy;SEASHELLS;14514.0;1
1;35334.0;Vinnie;Remy;SEASHELLS;14517.0;4
1;35364.0;Vinnie;Remy;SEASHELLS;14521.0;1
1;35377.0;Remy;Vinnie;SEASHELLS;14540.0;4
1;35381.0;Remy;Vinnie;SEASHELLS;14540.0;3
1;35394.0;Remy;Vinnie;SEASHELLS;14536.0;4
1;35410.0;Vinnie;Remy;SEASHELLS;14546.0;1
1;35415.0;Remy;Vinnie;SEASHELLS;14546.0;5
1;35416.0;Vinnie;Remy;SEASHELLS;14541.0;4
1;35438.0;Remy;Vinnie;SEASHELLS;14538.0;4
1;35444.0;Vinnie;Remy;SEASHELLS;14534.0;3
1;35457.0;Vinnie;Remy;SEASHELLS;14539.0;4
1;35459.0;Remy;Vinnie;SEASHELLS;14545.0;3
1;35484.0;Vinnie;Remy;SEASHELLS;14540.0;5
1;35496.0;Vinnie;Remy;SEASHELLS;14538.0;1
1;35498.0;Vinnie;Remy;SEASHELLS;14539.0;5
1;35512.0;Remy;Vinnie;SEASHELLS;14534.0;2
1;35516.0;Vinnie;Remy;SEASHELLS;14535.0;4
1;35525.0;Remy;Vinnie;SEASHELLS;14548.0;5
1;35530.0;Vinnie;Remy;SEASHELLS;14552.0;1
1;35530.0;Vinnie;Vladimir;SEASHELLS;14552.0;4
1;35536.0;Vinnie;Vladimir;SEASHELLS;14555.0;5
1;35539.0;Remy;Vinnie;SEASHELLS;14553.0;5
1;35541.0;Remy;Vinnie;SEASHELLS;14558.0;4
1;35544.0;Vinnie;Remy;SEASHELLS;14554.0;2
1;35546.0;Vinnie;Remy;SEASHELLS;14556.0;4
1;35559.0;Remy;Vinnie;SEASHELLS;14556.0;1
1;35566.0;Remy;Vinnie;SEASHELLS;14563.0;5
1;35569.0;Vinnie;Remy;SEASHELLS;14568.0;1
1;35575.0;Remy;Vinnie;SEASHELLS;14585.0;5
1;35594.0;Remy;Vinnie;SEASHELLS;14571.0;1
1;35598.0;Vinnie;Vladimir;SEASHELLS;14570.0;9
1;35602.0;Vinnie;Vladimir;SEASHELLS;14574.0;7
1;35609.0;Vinnie;Vladimir;SEASHELLS;14569.0;9
1;35622.0;Vinnie;Remy;SEASHELLS;14570.0;1
1;35646.0;Vinnie;Remy;SEASHELLS;14609.0;2
1;35647.0;Remy;Vinnie;SEASHELLS;14617.0;1
1;35665.0;Vinnie;Remy;SEASHELLS;14597.0;4
1;35666.0;Vinnie;Vladimir;SEASHELLS;14597.0;10
1;35678.0;Vinnie;Remy;SEASHELLS;14597.0;5
1;35689.0;Remy;Vinnie;SEASHELLS;14584.0;3
1;35694.0;Vinnie;Remy;SEASHELLS;14587.0;4
1;35696.0;Remy;Vinnie;SEASHELLS;14588.0;2
1;35703.0;Remy;Vinnie;SEASHELLS;14595.0;5
1;35716.0;Vinnie;Remy;SEASHELLS;14601.0;4
1;35748.0;Vinnie;Remy;SEASHELLS;14602.0;5
1;35759.0;Vinnie;Remy;SEASHELLS;14611.0;1
1;35804.0;Vinnie;Vladimir;SEASHELLS;14597.0;10
1;35812.0;Remy;Vinnie;SEASHELLS;14599.0;5
1;35824.0;Vladimir;Remy;SEASHELLS;14605.0;3
1;35830.0;Remy;Vinnie;SEASHELLS;14611.0;1
1;35836.0;Vinnie;Remy;SEASHELLS;14607.0;1
1;35868.0;Vinnie;Remy;SEASHELLS;14614.0;2
1;35869.0;Vinnie;Vladimir;SEASHELLS;14611.0;9
1;35872.0;Vinnie;Remy;SEASHELLS;14618.0;1
1;35873.0;Remy;Vinnie;SEASHELLS;14621.0;3
1;35887.0;Vinnie;Remy;SEASHELLS;14614.0;3
1;35893.0;Vinnie;Remy;SEASHELLS;14608.0;4
1;35921.0;Remy;Vinnie;SEASHELLS;14560.0;4
1;35930.0;Vinnie;Vladimir;SEASHELLS;14551.0;4
1;35935.0;Vinnie;Remy;SEASHELLS;14552.0;4
1;35948.0;Vinnie;Remy;SEASHELLS;14552.0;5
1;35998.0;Remy;Vinnie;SEASHELLS;14538.0;5
1;36003.0;Vinnie;Vladimir;SEASHELLS;14544.0;4
1;36003.0;Remy;Vinnie;SEASHELLS;14545.0;2
1;36006.0;Remy;Vinnie;SEASHELLS;14546.0;5
1;36018.0;Remy;Vinnie;SEASHELLS;14542.0;4
1;36025.0;Vinnie;Remy;SEASHELLS;14538.0;1
1;36032.0;Vinnie;Remy;SEASHELLS;14528.0;4
1;36042.0;Vinnie;Remy;SEASHELLS;14522.0;4
1;36053.0;Remy;Vinnie;SEASHELLS;14511.0;5
1;36054.0;Remy;Vinnie;SEASHELLS;14510.0;3
1;36055.0;Remy;Vinnie;SEASHELLS;14507.0;4
1;36062.0;Remy;Vinnie;SEASHELLS;14499.0;1
1;36066.0;Remy;Vinnie;SEASHELLS;14498.0;3
1;36081.0;Vinnie;Remy;SEASHELLS;14487.0;2
1;36086.0;Vinnie;Remy;SEASHELLS;14486.0;3
1;36089.0;Remy;Vinnie;SEASHELLS;14487.0;4
1;36093.0;Remy;Vinnie;SEASHELLS;14483.0;5
1;36132.0;Vinnie;Remy;SEASHELLS;14477.0;1
1;36155.0;Remy;Vinnie;SEASHELLS;14500.0;3
1;36160.0;Vinnie;Remy;SEASHELLS;14510.0;2
1;36173.0;Remy;Vinnie;SEASHELLS;14496.0;1
1;36178.0;Remy;Vinnie;SEASHELLS;14498.0;3
1;36180.0;Vinnie;Vladimir;SEASHELLS;14494.0;8
1;36196.0;Remy;Vinnie;SEASHELLS;14497.0;4
1;36208.0;Remy;Vinnie;SEASHELLS;14495.0;1
1;36218.0;Vinnie;Remy;SEASHELLS;14493.0;3
1;36231.0;Remy;Vinnie;SEASHELLS;14487.0;5
1;36249.0;Remy;Vinnie;SEASHELLS;14479.0;1
1;36275.0;Remy;Vinnie;SEASHELLS;14493.0;1
1;36281.0;Remy;Vinnie;SEASHELLS;14483.0;4
1;36283.0;Vinnie;Remy;SEASHELLS;14481.0;5
1;36296.0;Remy;Vinnie;SEASHELLS;14486.0;1
1;36307.0;Remy;Vinnie;SEASHELLS;14496.0;3
1;36309.0;Vinnie;Remy;SEASHELLS;14494.0;2
1;36314.0;Vinnie;Vladimir;SEASHELLS;14496.0;9
1;36321.0;Vinnie;Remy;SEASHELLS;14502.0;2
1;36339.0;Vinnie;Remy;SEASHELLS;14493.0;5
1;36365.0;Vinnie;Remy;SEASHELLS;14508.0;5
1;36371.0;Remy;Vinnie;SEASHELLS;14515.0;2
1;36376.0;Vinnie;Vladimir;SEASHELLS;14516.0;6
1;36402.0;Vinnie;Remy;SEASHELLS;14545.0;1
1;36403.0;Vinnie;Remy;SEASHELLS;14547.0;1
1;36408.0;Vinnie;Remy;SEASHELLS;14543.0;5
1;36465.0;Remy;Vinnie;SEASHELLS;14566.0;1
1;36494.0;Remy;Vinnie;SEASHELLS;14571.0;5
1;36501.0;Remy;Vinnie;SEASHELLS;14563.0;4
1;36503.0;Remy;Vinnie;SEASHELLS;14567.0;5
1;36507.0;Remy;Vinnie;SEASHELLS;14562.0;3
1;36509.0;Vinnie;Vladimir;SEASHELLS;14562.0;3
1;36516.0;Remy;Vinnie;SEASHELLS;14551.0;5
1;36535.0;Vinnie;Remy;SEASHELLS;14544.0;2
1;36552.0;Vinnie;Remy;SEASHELLS;14535.0;4
1;36568.0;Vinnie;Remy;SEASHELLS;14544.0;2
1;36571.0;Vinnie;Remy;SEASHELLS;14541.0;4
1;36572.0;Vinnie;Remy;SEASHELLS;14542.0;3
1;36573.0;Remy;Vinnie;SEASHELLS;14541.0;5
1;36576.0;Vinnie;Remy;SEASHELLS;14538.0;5
1;36601.0;Remy;Vinnie;SEASHELLS;14527.0;5
1;36607.0;Vinnie;Remy;SEASHELLS;14531.0;4
1;36615.0;Vinnie;Vladimir;SEASHELLS;14522.0;3
1;36624.0;Vinnie;Remy;SEASHELLS;14529.0;2
1;36632.0;Vinnie;Remy;SEASHELLS;14530.0;2
1;36637.0;Remy;Vinnie;SEASHELLS;14532.0;4
1;36647.0;Vinnie;Remy;SEASHELLS;14529.0;2
1;36657.0;Remy;Vinnie;SEASHELLS;14540.0;1
1;36661.0;Vinnie;Remy;SEASHELLS;14544.0;1
1;36665.0;Remy;Vinnie;SEASHELLS;14536.0;5
1;36671.0;Vinnie;Remy;SEASHELLS;14537.0;2
1;36681.0;Vinnie;Remy;SEASHELLS;14543.0;1
1;36684.0;Vinnie;Remy;SEASHELLS;14536.0;2
1;36687.0;Vinnie;Remy;SEASHELLS;14535.0;3
1;36707.0;Remy;Vinnie;SEASHELLS;14544.0;2
1;36712.0;Remy;Vinnie;SEASHELLS;14540.0;3
1;36722.0;Vinnie;Vladimir;SEASHELLS;14532.0;11
1;36725.0;Vinnie;Remy;SEASHELLS;14537.0;2
1;36728.0;Vinnie;Remy;SEASHELLS;14536.0;5
1;36733.0;Vinnie;Remy;SEASHELLS;14545.0;4
1;36746.0;Vinnie;Remy;SEASHELLS;14535.0;4
1;36752.0;Vinnie;Remy;SEASHELLS;14533.0;4
1;36776.0;Remy;Vinnie;SEASHELLS;14540.0;2
1;36779.0;Remy;Vinnie;SEASHELLS;14540.0;5
1;36818.0;Vinnie;Remy;SEASHELLS;14549.0;4
1;36844.0;Remy;Vinnie;SEASHELLS;14546.0;1
1;36848.0;Vinnie;Remy;SEASHELLS;14550.0;2
1;36854.0;Vinnie;Vladimir;SEASHELLS;14546.0;9
1;36857.0;Vinnie;Remy;SEASHELLS;14553.0;3
1;36858.0;Remy;Vinnie;SEASHELLS;14555.0;3
1;36860.0;Vinnie;Remy;SEASHELLS;14556.0;5
1;36865.0;Vinnie;Remy;SEASHELLS;14549.0;5
1;36866.0;Remy;Vinnie;SEASHELLS;14549.0;5
1;36867.0;Remy;Vinnie;SEASHELLS;14553.0;1
1;36893.0;Vinnie;Remy;SEASHELLS;14580.0;3
1;36900.0;Remy;Vinnie;SEASHELLS;14584.0;5
1;36917.0;Vinnie;Remy;SEASHELLS;14594.0;4
1;36923.0;Remy;Vinnie;SEASHELLS;14601.0;4
1;36951.0;Remy;Vinnie;SEASHELLS;14613.0;4
1;36954.0;Remy;Vinnie;SEASHELLS;14609.0;1
1;36960.0;Remy;Vinnie;SEASHELLS;14617.0;2
1;36977.0;Vinnie;Remy;SEASHELLS;14625.0;2
1;36979.0;Remy;Vinnie;SEASHELLS;14621.0;2
1;36994.0;Vinnie;Remy;SEASHELLS;14621.0;4
1;37021.0;Remy;Vinnie;SEASHELLS;14615.0;5
1;37027.0;Vinnie;Remy;SEASHELLS;14630.0;3
1;37033.0;Remy;Vinnie;SEASHELLS;14629.0;5
1;37035.0;Remy;Vinnie;SEASHELLS;14616.0;2
1;37052.0;Vinnie;Remy;SEASHELLS;14620.0;2
1;37053.0;Vinnie;Remy;SEASHELLS;14619.0;4
1;37060.0;Vinnie;Vladimir;SEASHELLS;14625.0;10
1;37066.0;Vinnie;Remy;SEASHELLS;14609.0;3
1;37077.0;Vinnie;Vladimir;SEASHELLS;14593.0;3
1;37095.0;Vinnie;Remy;SEASHELLS;14582.0;5
1;37119.0;Vinnie;Remy;SEASHELLS;14591.0;2
1;37120.0;Remy;Vinnie;SEASHELLS;14591.0;1
1;37130.0;Remy;Vinnie;SEASHELLS;14585.0;1
1;37136.0;Remy;Vinnie;SEASHELLS;14584.0;4
1;37146.0;Vinnie;Remy;SEASHELLS;14589.0;2
1;37161.0;Remy;Vinnie;SEASHELLS;14590.0;5
1;37166.0;Vinnie;Remy;SEASHELLS;14592.0;1
1;37169.0;Remy;Vinnie;SEASHELLS;14587.0;3
1;37181.0;Remy;Vinnie;SEASHELLS;14584.0;2
1;37191.0;Remy;Vinnie;SEASHELLS;14582.0;4
1;37197.0;Vinnie;Remy;SEASHELLS;14576.0;4
1;37219.0;Vinnie;Vladimir;SEASHELLS;14557.0;6
1;37224.0;Vinnie;Remy;SEASHELLS;14554.0;3
1;37236.0;Remy;Vinnie;SEASHELLS;14564.0;2
1;37237.0;Vinnie;Remy;SEASHELLS;14563.0;5
1;37275.0;Vinnie;Remy;SEASHELLS;14571.0;3
1;37277.0;Remy;Vinnie;SEASHELLS;14568.0;4
1;37288.0;Remy;Vinnie;SEASHELLS;14557.0;2
1;37297.0;Remy;Vinnie;SEASHELLS;14564.0;1
1;37300.0;Vinnie;Remy;SEASHELLS;14559.0;3
1;37328.0;Remy;Vinnie;SEASHELLS;14555.0;2
1;37331.0;Vinnie;Remy;SEASHELLS;14554.0;3
1;37348.0;Vinnie;Remy;SEASHELLS;14565.0;3
1;37363.0;Remy;Vinnie;SEASHELLS;14576.0;5
1;37365.0;Vinnie;Remy;SEASHELLS;14574.0;3
1;37409.0;Vinnie;Vladimir;SEASHELLS;14604.0;3
1;37414.0;Remy;Vinnie;SEASHELLS;14600.0;3
1;37420.0;Vinnie;Remy;SEASHELLS;14600.0;2
1;37427.0;Remy;Vinnie;SEASHELLS;14592.0;5
1;37441.0;Remy;Vinnie;SEASHELLS;14591.0;4
1;37452.0;Vinnie;Remy;SEASHELLS;14578.0;2
1;37463.0;Vinnie;Remy;SEASHELLS;14585.0;3
1;37467.0;Vinnie;Remy;SEASHELLS;14574.0;1
1;37468.0;Remy;Vinnie;SEASHELLS;14573.0;4
1;37468.0;Vinnie;Vladimir;SEASHELLS;14572.0;5
1;37479.0;Remy;Vinnie;SEASHELLS;14574.0;4
1;37481.0;Vinnie;Remy;SEASHELLS;14571.0;5
1;37498.0;Vinnie;Remy;SEASHELLS;14578.0;5
1;37523.0;Vinnie;Remy;SEASHELLS;14580.0;1
1;37558.0;Vinnie;Remy;SEASHELLS;14569.0;3
1;37563.0;Vinnie;Vladimir;SEASHELLS;14573.0;4
1;37564.0;Remy;Vinnie;SEASHELLS;14577.0;3
1;37576.0;Remy;Vinnie;SEASHELLS;14582.0;4
1;37577.0;Vinnie;Remy;SEASHELLS;14579.0;5
1;37590.0;Vinnie;Vladimir;SEASHELLS;14564.0;10
1;37591.0;Remy;Vinnie;SEASHELLS;14569.0;2
1;37604.0;Vinnie;Remy;SEASHELLS;14570.0;2
1;37607.0;Vinnie;Remy;SEASHELLS;14569.0;3
1;37614.0;Remy;Vinnie;SEASHELLS;14555.0;1
1;37634.0;Remy;Vinnie;SEASHELLS;14540.0;2
1;37643.0;Vinnie;Remy;SEASHELLS;14547.0;1
1;37647.0;Vinnie;Remy;SEASHELLS;14545.0;2
1;37675.0;Vinnie;Remy;SEASHELLS;14539.0;4
1;37676.0;Remy;Vinnie;SEASHELLS;14538.0;3
1;37682.0;Vinnie;Remy;SEASHELLS;14538.0;3
1;37689.0;Remy;Vinnie;SEASHELLS;14532.0;1
1;37691.0;Vinnie;Remy;SEASHELLS;14536.0;5
1;37711.0;Vinnie;Remy;SEASHELLS;14537.0;2
1;37714.0;Vinnie;Remy;SEASHELLS;14539.0;4
1;37721.0;Vinnie;Remy;SEASHELLS;14539.0;3
1;37729.0;Vinnie;Remy;SEASHELLS;14550.0;2
1;37734.0;Remy;Vinnie;SEASHELLS;14563.0;1
1;37738.0;Vinnie;Remy;SEASHELLS;14562.0;4
1;37745.0;Remy;Vinnie;SEASHELLS;14562.0;4
1;37748.0;Remy;Vinnie;SEASHELLS;14557.0;2
1;37748.0;Vinnie;Vladimir;SEASHELLS;14556.0;5
1;37765.0;Vinnie;Remy;SEASHELLS;14561.0;2
1;37769.0;Vinnie;Vladimir;SEASHELLS;14560.0;10
1;37776.0;Vinnie;Remy;SEASHELLS;14551.0;4
1;37777.0;Vinnie;Vladimir;SEASHELLS;14548.0;8
1;37784.0;Remy;Vinnie;SEASHELLS;14548.0;1
1;37787.0;Remy;Vinnie;SEASHELLS;14543.0;2
1;37788.0;Vinnie;Remy;SEASHELLS;14543.0;4
1;37796.0;Remy;Vinnie;SEASHELLS;14540.0;2
1;37798.0;Vinnie;Remy;SEASHELLS;14541.0;4
1;37815.0;Remy;Vinnie;SEASHELLS;14531.0;4
1;37828.0;Remy;Vinnie;SEASHELLS;14543.0;1
1;37854.0;Remy;Vinnie;SEASHELLS;14556.0;4
1;37876.0;Vinnie;Vladimir;SEASHELLS;14530.0;10
1;37887.0;Vinnie;Remy;SEASHELLS;14520.0;2
1;37894.0;Remy;Vinnie;SEASHELLS;14507.0;4
1;37897.0;Vinnie;Remy;SEASHELLS;14508.0;2
1;37901.0;Vinnie;Remy;SEASHELLS;14516.0;3
1;37919.0;Remy;Vinnie;SEASHELLS;14526.0;1
1;37923.0;Vinnie;Remy;SEASHELLS;14527.0;2
1;37924.0;Remy;Vinnie;SEASHELLS;14530.0;1
1;37936.0;Vinnie;Vladimir;SEASHELLS;14529.0;9
1;37940.0;Vinnie;Remy;SEASHELLS;14521.0;1
1;37950.0;Remy;Vinnie;SEASHELLS;14523.0;5
1;37951.0;Vinnie;Remy;SEASHELLS;14525.0;2
1;37955.0;Remy;Vinnie;SEASHELLS;14515.0;5
1;37956.0;Remy;Vinnie;SEASHELLS;14518.0;2
1;37967.0;Remy;Vinnie;SEASHELLS;14516.0;5
1;37986.0;Remy;Vinnie;SEASHELLS;14522.0;1
1;37992.0;Remy;Vinnie;SEASHELLS;14521.0;5
1;38001.0;Vinnie;Remy;SEASHELLS;14507.0;3
1;38003.0;Remy;Vinnie;SEASHELLS;14501.0;3
1;38007.0;Remy;Vinnie;SEASHELLS;14501.0;1
1;38012.0;Remy;Vinnie;SEASHELLS;14502.0;1
1;38017.0;Vinnie;Vladimir;SEASHELLS;14506.0;3
1;38026.0;Vinnie;Remy;SEASHELLS;14506.0;4
1;38033.0;Remy;Vinnie;SEASHELLS;14505.0;1
1;38034.0;Remy;Vinnie;SEASHELLS;14507.0;5
1;38042.0;Remy;Vinnie;SEASHELLS;14521.0;4
1;38048.0;Vinnie;Remy;SEASHELLS;14522.0;1
1;38051.0;Vinnie;Remy;SEASHELLS;14526.0;3
1;38064.0;Remy;Vinnie;SEASHELLS;14525.0;5
1;38067.0;Vinnie;Remy;SEASHELLS;14525.0;5
1;38082.0;Remy;Vinnie;SEASHELLS;14528.0;1
1;38087.0;Vinnie;Remy;SEASHELLS;14532.0;1
1;38096.0;Remy;Vinnie;SEASHELLS;14523.0;5
1;38101.0;Remy;Vinnie;SEASHELLS;14531.0;3
1;38110.0;Remy;Vinnie;SEASHELLS;14525.0;4
1;38111.0;Vinnie;Remy;SEASHELLS;14524.0;3
1;38113.0;Remy;Vinnie;SEASHELLS;14523.0;4
1;38119.0;Vinnie;Remy;SEASHELLS;14520.0;3
1;38125.0;Vinnie;Vladimir;SEASHELLS;14526.0;7
1;38127.0;Vinnie;Remy;SEASHELLS;14522.0;5
1;38135.0;Remy;Vinnie;SEASHELLS;14514.0;2
1;38137.0;Remy;Vinnie;SEASHELLS;14514.0;3
1;38141.0;Vinnie;Remy;SEASHELLS;14515.0;3
1;38147.0;Remy;Vinnie;SEASHELLS;14512.0;2
1;38150.0;Vinnie;Remy;SEASHELLS;14506.0;4
1;38158.0;Vinnie;Remy;SEASHELLS;14504.0;1
1;38177.0;Vinnie;Remy;SEASHELLS;14502.0;5
1;38188.0;Remy;Vinnie;SEASHELLS;14504.0;4
1;38190.0;Vinnie;Remy;SEASHELLS;14497.0;4
1;38193.0;Vinnie;Vladimir;SEASHELLS;14495.0;4
1;38202.0;Vinnie;Remy;SEASHELLS;14499.0;2
1;38203.0;Remy;Vinnie;SEASHELLS;14493.0;3
1;38205.0;Remy;Vinnie;SEASHELLS;14485.0;4
1;38239.0;Remy;Vinnie;SEASHELLS;14478.0;1
1;38244.0;Vinnie;Remy;SEASHELLS;14477.0;2
1;38247.0;Remy;Vinnie;SEASHELLS;14483.0;2
1;38258.0;Remy;Vinnie;SEASHELLS;14490.0;1
1;38261.0;Remy;Vinnie;SEASHELLS;14495.0;2
1;38268.0;Remy;Vinnie;SEASHELLS;14492.0;1
1;38273.0;Remy;Vinnie;SEASHELLS;14491.0;2
1;38278.0;Remy;Vinnie;SEASHELLS;14493.0;5
1;38304.0;Vinnie;Remy;SEASHELLS;14477.0;2
1;38321.0;Vinnie;Remy;SEASHELLS;14469.0;4
1;38342.0;Vinnie;Vladimir;SEASHELLS;14474.0;11
1;38365.0;Remy;Vinnie;SEASHELLS;14486.0;2
1;38374.0;Vinnie;Remy;SEASHELLS;14489.0;4
1;38382.0;Remy;Vinnie;SEASHELLS;14484.0;4
1;38406.0;Vinnie;Vladimir;SEASHELLS;14483.0;8
1;38410.0;Remy;Vinnie;SEASHELLS;14479.0;2
1;38411.0;Remy;Vinnie;SEASHELLS;14480.0;5
1;38414.0;Vinnie;Vladimir;SEASHELLS;14484.0;7
1;38422.0;Vinnie;Remy;SEASHELLS;14475.0;3
1;38429.0;Vinnie;Remy;SEASHELLS;14479.0;3
1;38442.0;Vinnie;Remy;SEASHELLS;14469.0;5
1;38444.0;Vinnie;Remy;SEASHELLS;14473.0;1
1;38456.0;Remy;Vinnie;SEASHELLS;14477.0;5
1;38473.0;Remy;Vinnie;SEASHELLS;14485.0;5
1;38476.0;Remy;Vinnie;SEASHELLS;14491.0;2
1;38485.0;Vinnie;Remy;SEASHELLS;14491.0;5
1;38489.0;Remy;Vinnie;SEASHELLS;14490.0;1
1;38493.0;Vinnie;Remy;SEASHELLS;14490.0;1
1;38506.0;Vinnie;Remy;SEASHELLS;14472.0;4
1;38509.0;Remy;Vinnie;SEASHELLS;14472.0;5
1;38544.0;Vinnie;Remy;SEASHELLS;14459.0;5
1;38551.0;Vinnie;Remy;SEASHELLS;14461.0;2
1;38553.0;Remy;Vinnie;SEASHELLS;14462.0;1
1;38557.0;Vinnie;Remy;SEASHELLS;14466.0;4
1;38562.0;Vinnie;Vladimir;SEASHELLS;14465.0;9
1;38573.0;Remy;Vinnie;SEASHELLS;14465.0;5
1;38576.0;Vinnie;Remy;SEASHELLS;14471.0;1
1;38583.0;Vinnie;Remy;SEASHELLS;14471.0;5
1;38584.0;Remy;Vinnie;SEASHELLS;14463.0;2
1;38595.0;Remy;Vinnie;SEASHELLS;14472.0;5
1;38598.0;Remy;Vinnie;SEASHELLS;14471.0;1
1;38604.0;Remy;Vinnie;SEASHELLS;14474.0;4
1;38615.0;Vinnie;Remy;SEASHELLS;14483.0;5
1;38623.0;Remy;Vinnie;SEASHELLS;14473.0;2
1;38631.0;Remy;Vinnie;SEASHELLS;14457.0;5
1;38635.0;Vinnie;Remy;SEASHELLS;14455.0;4
1;38637.0;Vinnie;Remy;SEASHELLS;14457.0;5
1;38651.0;Vinnie;Remy;SEASHELLS;14454.0;5
1;38689.0;Vinnie;Remy;SEASHELLS;14472.0;1
1;38696.0;Remy;Vinnie;SEASHELLS;14480.0;5
1;38697.0;Vinnie;Remy;SEASHELLS;14475.0;5
1;38732.0;Remy;Vinnie;SEASHELLS;14499.0;5
1;38745.0;Vinnie;Remy;SEASHELLS;14497.0;2
1;38746.0;Vinnie;Vladimir;SEASHELLS;14494.0;7
1;38749.0;Vinnie;Remy;SEASHELLS;14491.0;5
1;38753.0;Remy;Vinnie;SEASHELLS;14493.0;4
1;38763.0;Remy;Vinnie;SEASHELLS;14503.0;5
1;38764.0;Remy;Vinnie;SEASHELLS;14504.0;1
1;38774.0;Vinnie;Remy;SEASHELLS;14506.0;2
1;38777.0;Remy;Vinnie;SEASHELLS;14504.0;5
1;38779.0;Vinnie;Remy;SEASHELLS;14498.0;4
1;38825.0;Vinnie;Vladimir;SEASHELLS;14472.0;3
1;38831.0;Remy;Vinnie;SEASHELLS;14481.0;5
1;38847.0;Vinnie;Remy;SEASHELLS;14488.0;2
1;38864.0;Vinnie;Remy;SEASHELLS;14488.0;5
1;38875.0;Remy;Vinnie;SEASHELLS;14496.0;5
1;38878.0;Remy;Vinnie;SEASHELLS;14502.0;3
1;38885.0;Vinnie;Remy;SEASHELLS;14508.0;1
1;38898.0;Vinnie;Remy;SEASHELLS;14524.0;5
1;38928.0;Vinnie;Remy;SEASHELLS;14508.0;1
1;38932.0;Vinnie;Remy;SEASHELLS;14497.0;1
1;38940.0;Vinnie;Vladimir;SEASHELLS;14495.0;6
1;38955.0;Vinnie;Vladimir;SEASHELLS;14501.0;4
1;38975.0;Remy;Vinnie;SEASHELLS;14493.0;2
1;38986.0;Vinnie;Remy;SEASHELLS;14485.0;5
1;38992.0;Vinnie;Remy;SEASHELLS;14487.0;3
1;38999.0;Vinnie;Vladimir;SEASHELLS;14479.0;8
1;39017.0;Vinnie;Vladimir;SEASHELLS;14460.0;4
1;39025.0;Vinnie;Remy;SEASHELLS;14454.0;4
1;39054.0;Vinnie;Remy;SEASHELLS;14437.0;5
1;39057.0;Remy;Vinnie;SEASHELLS;14443.0;1
1;39063.0;Vinnie;Remy;SEASHELLS;14437.0;5
1;39064.0;Vinnie;Vladimir;SEASHELLS;14441.0;11
1;39073.0;Remy;Vinnie;SEASHELLS;14450.0;2
1;39080.0;Remy;Vinnie;SEASHELLS;14457.0;4
1;39091.0;Vinnie;Remy;SEASHELLS;14443.0;1
1;39104.0;Vinnie;Vladimir;SEASHELLS;14440.0;11
1;39128.0;Remy;Vinnie;SEASHELLS;14429.0;1
1;39130.0;Remy;Vinnie;SEASHELLS;14435.0;1
1;39135.0;Remy;Vinnie;SEASHELLS;14438.0;3
1;39148.0;Remy;Vinnie;SEASHELLS;14434.0;4
1;39159.0;Vinnie;Remy;SEASHELLS;14434.0;1
1;39163.0;Remy;Vinnie;SEASHELLS;14443.0;3
1;39169.0;Remy;Vinnie;SEASHELLS;14451.0;4
1;39175.0;Vinnie;Vladimir;SEASHELLS;14461.0;3
1;39192.0;Vinnie;Vladimir;SEASHELLS;14455.0;9
1;39198.0;Vinnie;Remy;SEASHELLS;14458.0;2
1;39201.0;Vinnie;Remy;SEASHELLS;14449.0;1
1;39244.0;Vinnie;Remy;SEASHELLS;14425.0;5
1;39257.0;Remy;Vinnie;SEASHELLS;14415.0;2
1;39261.0;Vinnie;Remy;SEASHELLS;14422.0;1
1;39264.0;Remy;Vinnie;SEASHELLS;14420.0;1
1;39265.0;Vinnie;Remy;SEASHELLS;14427.0;1
1;39267.0;Remy;Vinnie;SEASHELLS;14429.0;2
1;39275.0;Vinnie;Remy;SEASHELLS;14421.0;2
1;39308.0;Vinnie;Remy;SEASHELLS;14424.0;4
1;39316.0;Vinnie;Remy;SEASHELLS;14412.0;3
1;39323.0;Remy;Vinnie;SEASHELLS;14410.0;3
1;39345.0;Rhianna;Vinnie;SEASHELLS;14394.0;3
1;39350.0;Vinnie;Remy;SEASHELLS;14399.0;3
1;39360.0;Remy;Vinnie;SEASHELLS;14409.0;1
1;39366.0;Vinnie;Remy;SEASHELLS;14401.0;3
1;39376.0;Vinnie;Remy;SEASHELLS;14400.0;5
1;39378.0;Vinnie;Remy;SEASHELLS;14399.0;1
1;39383.0;Vinnie;Remy;SEASHELLS;14402.0;3
1;39395.0;Vinnie;Vladimir;SEASHELLS;14415.0;6
1;39402.0;Vinnie;Remy;SEASHELLS;14415.0;2
1;39416.0;Remy;Vinnie;SEASHELLS;14428.0;3
1;39418.0;Vinnie;Remy;SEASHELLS;14431.0;4
1;39431.0;Remy;Vinnie;SEASHELLS;14426.0;5
1;39437.0;Vinnie;Remy;SEASHELLS;14423.0;2
1;39440.0;Vinnie;Remy;SEASHELLS;14429.0;2
1;39446.0;Vinnie;Remy;SEASHELLS;14426.0;1
1;39447.0;Remy;Vinnie;SEASHELLS;14429.0;3
1;39485.0;Vinnie;Remy;SEASHELLS;14429.0;4
1;39506.0;Remy;Vinnie;SEASHELLS;14454.0;3
1;39520.0;Remy;Vinnie;SEASHELLS;14469.0;3
1;39533.0;Remy;Vinnie;SEASHELLS;14465.0;5
1;39546.0;Vinnie;Remy;SEASHELLS;14473.0;5
1;39556.0;Remy;Vinnie;SEASHELLS;14461.0;3
1;39558.0;Vinnie;Remy;SEASHELLS;14463.0;4
1;39600.0;Vinnie;Remy;SEASHELLS;14467.0;2
1;39615.0;Vinnie;Vladimir;SEASHELLS;14475.0;8
1;39638.0;Remy;Vinnie;SEASHELLS;14479.0;1
1;39639.0;Vinnie;Remy;SEASHELLS;14475.0;4
1;39667.0;Remy;Vinnie;SEASHELLS;14463.0;2
1;39675.0;Vinnie;Remy;SEASHELLS;14455.0;3
1;39686.0;Vinnie;Remy;SEASHELLS;14443.0;2
1;39690.0;Remy;Vinnie;SEASHELLS;14443.0;4
1;39694.0;Vinnie;Remy;SEASHELLS;14435.0;2
1;39700.0;Remy;Vinnie;SEASHELLS;14434.0;2
1;39709.0;Vinnie;Remy;SEASHELLS;14420.0;2
1;39712.0;Vinnie;Remy;SEASHELLS;14419.0;2
1;39713.0;Vinnie;Remy;SEASHELLS;14421.0;4
1;39722.0;Vinnie;Remy;SEASHELLS;14429.0;3
1;39740.0;Vinnie;Remy;SEASHELLS;14447.0;4
1;39767.0;Remy;Vinnie;SEASHELLS;14430.0;3
1;39768.0;Vinnie;Remy;SEASHELLS;14429.0;5
1;39776.0;Remy;Vinnie;SEASHELLS;14440.0;3
1;39817.0;Remy;Vinnie;SEASHELLS;14465.0;1
1;39832.0;Remy;Vinnie;SEASHELLS;14439.0;4
1;39839.0;Vinnie;Remy;SEASHELLS;14433.0;1
1;39849.0;Vinnie;Remy;SEASHELLS;14421.0;1
1;39850.0;Vinnie;Remy;SEASHELLS;14417.0;5
1;39860.0;Vinnie;Remy;SEASHELLS;14432.0;4
1;39896.0;Vinnie;Remy;SEASHELLS;14418.0;1
1;39908.0;Vinnie;Remy;SEASHELLS;14417.0;2
1;39913.0;Vinnie;Remy;SEASHELLS;14403.0;3
1;39923.0;Remy;Vinnie;SEASHELLS;14401.0;5
1;39926.0;Remy;Vinnie;SEASHELLS;14406.0;2
1;39936.0;Remy;Vinnie;SEASHELLS;14412.0;5
1;39945.0;Remy;Vinnie;SEASHELLS;14418.0;1
1;39947.0;Remy;Vinnie;SEASHELLS;14414.0;5
1;39960.0;Remy;Vinnie;SEASHELLS;14409.0;3
1;39974.0;Vinnie;Remy;SEASHELLS;14413.0;2
1;39976.0;Remy;Vinnie;SEASHELLS;14415.0;3
1;39988.0;Vinnie;Remy;SEASHELLS;14419.0;5
1;39990.0;Remy;Vinnie;SEASHELLS;14419.0;4
1;39994.0;Vinnie;Remy;SEASHELLS;14424.0;1
2;40018.0;Remy;Vinnie;SEASHELLS;14418.0;3
2;40021.0;Vinnie;Remy;SEASHELLS;14416.0;2
2;40024.0;Vinnie;Remy;SEASHELLS;14413.0;2
2;40062.0;Vinnie;Remy;SEASHELLS;14420.0;5
2;40070.0;Remy;Vinnie;SEASHELLS;14419.0;2
2;40099.0;Remy;Vinnie;SEASHELLS;14390.0;4
2;40104.0;Vinnie;Remy;SEASHELLS;14388.0;3
2;40122.0;Remy;Vinnie;SEASHELLS;14388.0;1
2;40148.0;Remy;Vinnie;SEASHELLS;14411.0;1
2;40163.0;Vinnie;Remy;SEASHELLS;14413.0;4
2;40168.0;Vinnie;Remy;SEASHELLS;14414.0;3
2;40184.0;Vinnie;Vladimir;SEASHELLS;14419.0;6
2;40189.0;Remy;Vinnie;SEASHELLS;14416.0;4
2;40197.0;Remy;Vinnie;SEASHELLS;14407.0;5
2;40201.0;Remy;Vinnie;SEASHELLS;14403.0;1
2;40212.0;Remy;Vinnie;SEASHELLS;14398.0;5
2;40218.0;Vinnie;Remy;SEASHELLS;14380.0;3
2;40219.0;Vinnie;Remy;SEASHELLS;14378.0;5
2;40222.0;Vinnie;Remy;SEASHELLS;14378.0;1
2;40230.0;Vinnie;Remy;SEASHELLS;14363.0;5
2;40233.0;Vinnie;Remy;SEASHELLS;14368.0;3
2;40237.0;Vinnie;Remy;SEASHELLS;14367.0;2
2;40244.0;Vinnie;Remy;SEASHELLS;14358.0;1
2;40245.0;Vinnie;Remy;SEASHELLS;14359.0;3
2;40250.0;Remy;Vinnie;SEASHELLS;14371.0;3
2;40256.0;Vinnie;Remy;SEASHELLS;14382.0;3
2;40257.0;Vinnie;Remy;SEASHELLS;14384.0;3
2;40281.0;Remy;Vinnie;SEASHELLS;14387.0;5
2;40298.0;Vinnie;Remy;SEASHELLS;14394.0;5
2;40310.0;Remy;Vinnie;SEASHELLS;14398.0;4
2;40311.0;Remy;Vinnie;SEASHELLS;14394.0;3
2;40313.0;Vinnie;Remy;SEASHELLS;14394.0;4
2;40317.0;Remy;Vinnie;SEASHELLS;14394.0;2
2;40318.0;Remy;Vinnie;SEASHELLS;14397.0;3
2;40324.0;Vinnie;Remy;SEASHELLS;14398.0;1
2;40326.0;Vinnie;Remy;SEASHELLS;14397.0;1
2;40333.0;Vinnie;Vladimir;SEASHELLS;14388.0;6
2;40334.0;Vinnie;Remy;SEASHELLS;14390.0;4
2;40362.0;Remy;Vinnie;SEASHELLS;14382.0;2
2;40396.0;Vinnie;Remy;SEASHELLS;14387.0;3
2;40412.0;Remy;Vinnie;SEASHELLS;14366.0;3
2;40427.0;Vinnie;Remy;SEASHELLS;14348.0;3
2;40430.0;Vinnie;Remy;SEASHELLS;14348.0;5
2;40435.0;Vinnie;Remy;SEASHELLS;14358.0;3
2;40444.0;Remy;Vinnie;SEASHELLS;14350.0;2
2;40451.0;Remy;Vinnie;SEASHELLS;14349.0;3
2;40503.0;Vinnie;Remy;SEASHELLS;14377.0;5
2;40509.0;Vinnie;Remy;SEASHELLS;14384.0;1
2;40522.0;Remy;Vinnie;SEASHELLS;14391.0;5
2;40524.0;Remy;Vinnie;SEASHELLS;14390.0;5
2;40526.0;Remy;Vinnie;SEASHELLS;14387.0;4
2;40531.0;Vinnie;Remy;SEASHELLS;14388.0;2
2;40532.0;Remy;Vinnie;SEASHELLS;14388.0;5
2;40539.0;Vinnie;Remy;SEASHELLS;14394.0;2
2;40543.0;Vinnie;Remy;SEASHELLS;14392.0;1
2;40549.0;Vinnie;Remy;SEASHELLS;14386.0;1
2;40582.0;Vinnie;Remy;SEASHELLS;14369.0;2
2;40591.0;Vinnie;Remy;SEASHELLS;14361.0;1
2;40595.0;Remy;Vinnie;SEASHELLS;14358.0;1
2;40603.0;Vinnie;Remy;SEASHELLS;14361.0;4
2;40608.0;Vinnie;Remy;SEASHELLS;14360.0;1
2;40612.0;Vinnie;Remy;SEASHELLS;14353.0;2
2;40621.0;Vinnie;Vladimir;SEASHELLS;14342.0;6
2;40627.0;Remy;Vinnie;SEASHELLS;14357.0;4
2;40630.0;Remy;Vinnie;SEASHELLS;14355.0;5
2;40631.0;Vinnie;Remy;SEASHELLS;14358.0;5
2;40636.0;Remy;Vinnie;SEASHELLS;14355.0;4
2;40639.0;Remy;Vinnie;SEASHELLS;14367.0;4
2;40642.0;Vinnie;Remy;SEASHELLS;14372.0;5
2;40645.0;Remy;Vinnie;SEASHELLS;14381.0;4
2;40647.0;Vinnie;Remy;SEASHELLS;14384.0;5
2;40655.0;Vinnie;Remy;SEASHELLS;14385.0;4
2;40674.0;Vinnie;Remy;SEASHELLS;14394.0;5
2;40687.0;Remy;Vinnie;SEASHELLS;14402.0;3
2;40692.0;Vinnie;Remy;SEASHELLS;14407.0;2
2;40704.0;Remy;Vinnie;SEASHELLS;14392.0;5
2;40718.0;Remy;Vinnie;SEASHELLS;14390.0;3
2;40721.0;Remy;Vinnie;SEASHELLS;14388.0;1
2;40727.0;Remy;Vinnie;SEASHELLS;14399.0;4
2;40739.0;Vinnie;Remy;SEASHELLS;14403.0;4
2;40741.0;Remy;Vinnie;SEASHELLS;14410.0;4
2;40745.0;Vinnie;Remy;SEASHELLS;14410.0;4
2;40750.0;Remy;Vinnie;SEASHELLS;14411.0;3
2;40758.0;Vinnie;Remy;SEASHELLS;14405.0;4
2;40792.0;Remy;Vinnie;SEASHELLS;14416.0;4
2;40797.0;Vinnie;Remy;SEASHELLS;14410.0;2
2;40833.0;Remy;Vinnie;SEASHELLS;14389.0;1
2;40839.0;Vinnie;Remy;SEASHELLS;14395.0;4
2;40844.0;Remy;Vinnie;SEASHELLS;14401.0;5
2;40869.0;Remy;Vinnie;SEASHELLS;14404.0;1
2;40871.0;Vinnie;Remy;SEASHELLS;14398.0;4
2;40872.0;Remy;Vinnie;SEASHELLS;14397.0;3
2;40881.0;Remy;Vinnie;SEASHELLS;14407.0;1
2;40881.0;Vinnie;Vladimir;SEASHELLS;14406.0;5
2;40884.0;Remy;Vinnie;SEASHELLS;14409.0;1
2;40895.0;Vinnie;Remy;SEASHELLS;14403.0;3
2;40900.0;Remy;Vinnie;SEASHELLS;14407.0;3
2;40904.0;Vinnie;Remy;SEASHELLS;14406.0;2
2;40908.0;Vinnie;Remy;SEASHELLS;14413.0;2
2;40918.0;Remy;Vinnie;SEASHELLS;14420.0;4
2;40926.0;Remy;Vinnie;SEASHELLS;14426.0;1
2;40937.0;Remy;Vinnie;SEASHELLS;14425.0;4
2;40943.0;Vinnie;Vladimir;SEASHELLS;14413.0;3
2;40973.0;Remy;Vinnie;SEASHELLS;14412.0;5
2;40976.0;Remy;Vinnie;SEASHELLS;14415.0;2
2;40979.0;Vinnie;Remy;SEASHELLS;14412.0;1
2;40992.0;Vinnie;Remy;SEASHELLS;14408.0;1
2;41009.0;Vinnie;Remy;SEASHELLS;14403.0;2
2;41013.0;Remy;Vinnie;SEASHELLS;14411.0;2
2;41035.0;Vinnie;Remy;SEASHELLS;14412.0;1
2;41036.0;Remy;Vinnie;SEASHELLS;14408.0;5
2;41046.0;Remy;Vinnie;SEASHELLS;14407.0;3
2;41048.0;Remy;Vinnie;SEASHELLS;14404.0;3
2;41058.0;Vinnie;Vladimir;SEASHELLS;14402.0;5
2;41072.0;Vinnie;Remy;SEASHELLS;14417.0;4
2;41086.0;Remy;Vinnie;SEASHELLS;14430.0;1
2;41091.0;Vinnie;Remy;SEASHELLS;14437.0;1
2;41093.0;Vinnie;Remy;SEASHELLS;14436.0;1
2;41100.0;Remy;Vinnie;SEASHELLS;14440.0;2
2;41126.0;Remy;Vinnie;SEASHELLS;14453.0;3
2;41142.0;Vinnie;Remy;SEASHELLS;14443.0;1
2;41149.0;Vinnie;Vladimir;SEASHELLS;14433.0;3
2;41150.0;Remy;Vinnie;SEASHELLS;14435.0;3
2;41162.0;Remy;Vinnie;SEASHELLS;14446.0;1
2;41165.0;Vinnie;Remy;SEASHELLS;14444.0;3
2;41178.0;Vinnie;Remy;SEASHELLS;14446.0;2
2;41192.0;Remy;Vinnie;SEASHELLS;14456.0;3
2;41193.0;Remy;Vinnie;SEASHELLS;14459.0;1
2;41226.0;Vinnie;Remy;SEASHELLS;14467.0;3
2;41235.0;Vinnie;Remy;SEASHELLS;14476.0;4
2;41257.0;Remy;Vinnie;SEASHELLS;14474.0;1
2;41270.0;Remy;Vinnie;SEASHELLS;14484.0;5
2;41282.0;Remy;Vinnie;SEASHELLS;14476.0;2
2;41293.0;Vinnie;Remy;SEASHELLS;14477.0;4
2;41306.0;Remy;Vinnie;SEASHELLS;14477.0;4
2;41314.0;Remy;Vinnie;SEASHELLS;14480.0;2
2;41316.0;Vinnie;Remy;SEASHELLS;14478.0;1
2;41322.0;Vinnie;Remy;SEASHELLS;14475.0;3
2;41346.0;Vinnie;Remy;SEASHELLS;14484.0;4
2;41349.0;Remy;Vinnie;SEASHELLS;14480.0;2
2;41351.0;Vinnie;Remy;SEASHELLS;14472.0;2
2;41368.0;Vinnie;Rhianna;SEASHELLS;14488.0;3
2;41368.0;Remy;Vinnie;SEASHELLS;14489.0;5
2;41376.0;Remy;Vinnie;SEASHELLS;14482.0;2
2;41407.0;Remy;Vinnie;SEASHELLS;14452.0;3
2;41426.0;Remy;Vinnie;SEASHELLS;14427.0;3
2;41432.0;Remy;Vinnie;SEASHELLS;14435.0;5
2;41441.0;Remy;Vinnie;SEASHELLS;14441.0;2
2;41470.0;Vinnie;Remy;SEASHELLS;14416.0;1
2;41472.0;Vinnie;Remy;SEASHELLS;14418.0;1
2;41474.0;Remy;Vinnie;SEASHELLS;14418.0;3
2;41481.0;Remy;Vinnie;SEASHELLS;14410.0;2
2;41484.0;Remy;Vinnie;SEASHELLS;14415.0;1
2;41488.0;Vinnie;Remy;SEASHELLS;14409.0;3
2;41500.0;Vinnie;Remy;SEASHELLS;14414.0;3
2;41510.0;Remy;Vinnie;SEASHELLS;14421.0;4
2;41524.0;Vinnie;Remy;SEASHELLS;14409.0;2
2;41536.0;Vinnie;Remy;SEASHELLS;14406.0;3
2;41539.0;Vinnie;Remy;SEASHELLS;14403.0;5
2;41543.0;Remy;Vinnie;SEASHELLS;14402.0;2
2;41549.0;Vinnie;Remy;SEASHELLS;14406.0;4
2;41565.0;Remy;Vinnie;SEASHELLS;14399.0;4
2;41571.0;Remy;Vinnie;SEASHELLS;14393.0;1
2;41581.0;Vinnie;Remy;SEASHELLS;14398.0;5
2;41584.0;Remy;Vinnie;SEASHELLS;14398.0;1
2;41588.0;Remy;Vinnie;SEASHELLS;14398.0;5
2;41591.0;Remy;Vinnie;SEASHELLS;14398.0;3
2;41600.0;Remy;Vinnie;SEASHELLS;14411.0;2
2;41604.0;Remy;Vinnie;SEASHELLS;14412.0;5
2;41615.0;Remy;Vinnie;SEASHELLS;14397.0;5
2;41617.0;Vinnie;Remy;SEASHELLS;14403.0;3
2;41619.0;Vinnie;Remy;SEASHELLS;14400.0;5
2;41635.0;Remy;Vinnie;SEASHELLS;14395.0;5
2;41636.0;Remy;Vinnie;SEASHELLS;14398.0;5
2;41641.0;Remy;Vinnie;SEASHELLS;14392.0;4
2;41657.0;Vinnie;Remy;SEASHELLS;14397.0;4
2;41667.0;Vinnie;Remy;SEASHELLS;14393.0;4
2;41674.0;Remy;Vinnie;SEASHELLS;14398.0;2
2;41684.0;Vinnie;Remy;SEASHELLS;14397.0;5
2;41687.0;Vinnie;Vladimir;SEASHELLS;14394.0;3
2;41689.0;Vinnie;Remy;SEASHELLS;14392.0;2
2;41691.0;Vinnie;Remy;SEASHELLS;14395.0;2
2;41695.0;Vinnie;Remy;SEASHELLS;14394.0;5
2;41708.0;Vinnie;Remy;SEASHELLS;14402.0;2
2;41710.0;Remy;Vinnie;SEASHELLS;14408.0;2
2;41711.0;Remy;Vinnie;SEASHELLS;14413.0;3
2;41715.0;Vinnie;Remy;SEASHELLS;14410.0;4
2;41734.0;Vinnie;Vladimir;SEASHELLS;14410.0;5
2;41740.0;Vinnie;Vladimir;SEASHELLS;14405.0;4
2;41754.0;Vinnie;Remy;SEASHELLS;14397.0;1
2;41756.0;Remy;Vinnie;SEASHELLS;14401.0;2
2;41773.0;Remy;Vinnie;SEASHELLS;14400.0;5
2;41793.0;Vinnie;Remy;SEASHELLS;14398.0;5
2;41826.0;Vinnie;Remy;SEASHELLS;14385.0;4
2;41833.0;Remy;Vinnie;SEASHELLS;14391.0;5
2;41847.0;Remy;Vinnie;SEASHELLS;14379.0;2
2;41850.0;Remy;Vinnie;SEASHELLS;14381.0;3
2;41868.0;Remy;Vinnie;SEASHELLS;14388.0;5
2;41882.0;Vinnie;Remy;SEASHELLS;14392.0;1
2;41893.0;Vinnie;Remy;SEASHELLS;14393.0;5
2;41909.0;Vinnie;Remy;SEASHELLS;14398.0;3
2;41911.0;Remy;Vinnie;SEASHELLS;14397.0;4
2;41951.0;Vinnie;Remy;SEASHELLS;14394.0;4
2;41968.0;Vinnie;Remy;SEASHELLS;14380.0;1
2;41976.0;Remy;Vinnie;SEASHELLS;14389.0;3
2;41980.0;Remy;Vinnie;SEASHELLS;14383.0;5
2;41988.0;Vinnie;Remy;SEASHELLS;14381.0;3
2;42001.0;Vinnie;Remy;SEASHELLS;14369.0;5
2;42010.0;Vinnie;Remy;SEASHELLS;14358.0;2
2;42025.0;Remy;Vinnie;SEASHELLS;14369.0;4
2;42032.0;Vinnie;Remy;SEASHELLS;14367.0;1
2;42048.0;Vinnie;Remy;SEASHELLS;14365.0;3
2;42054.0;Vinnie;Remy;SEASHELLS;14362.0;5
2;42060.0;Vinnie;Remy;SEASHELLS;14357.0;5
2;42061.0;Vinnie;Remy;SEASHELLS;14360.0;1
2;42075.0;Vinnie;Vladimir;SEASHELLS;14367.0;9
2;42077.0;Remy;Vinnie;SEASHELLS;14371.0;3
2;42096.0;Vinnie;Remy;SEASHELLS;14387.0;3
2;42099.0;Remy;Vinnie;SEASHELLS;14394.0;2
2;42114.0;Vinnie;Remy;SEASHELLS;14397.0;5
2;42134.0;Remy;Vinnie;SEASHELLS;14386.0;1
2;42144.0;Remy;Vinnie;SEASHELLS;14395.0;5
2;42152.0;Vinnie;Remy;SEASHELLS;14393.0;5
2;42176.0;Vinnie;Remy;SEASHELLS;14404.0;1
2;42179.0;Remy;Vinnie;SEASHELLS;14399.0;3
2;42180.0;Vinnie;Remy;SEASHELLS;14401.0;2
2;42181.0;Remy;Vinnie;SEASHELLS;14408.0;4
2;42190.0;Remy;Vinnie;SEASHELLS;14402.0;3
2;42196.0;Remy;Vinnie;SEASHELLS;14400.0;3
2;42214.0;Remy;Vinnie;SEASHELLS;14403.0;4
2;42217.0;Remy;Vinnie;SEASHELLS;14406.0;5
2;42237.0;Remy;Vinnie;SEASHELLS;14407.0;5
2;42251.0;Vinnie;Vladimir;SEASHELLS;14419.0;10
2;42270.0;Vinnie;Remy;SEASHELLS;14399.0;2
2;42285.0;Remy;Vinnie;SEASHELLS;14408.0;4
2;42291.0;Remy;Vinnie;SEASHELLS;14412.0;5
2;42296.0;Remy;Vinnie;SEASHELLS;14412.0;1
2;42304.0;Vinnie;Remy;SEASHELLS;14422.0;5
2;42312.0;Remy;Vinnie;SEASHELLS;14430.0;4
2;42319.0;Remy;Vinnie;SEASHELLS;14426.0;4
2;42322.0;Remy;Vinnie;SEASHELLS;14423.0;3
2;42347.0;Vinnie;Remy;SEASHELLS;14398.0;2
2;42373.0;Remy;Vinnie;SEASHELLS;14375.0;4
2;42374.0;Remy;Vinnie;SEASHELLS;14374.0;4
2;42380.0;Remy;Vinnie;SEASHELLS;14376.0;2
2;42381.0;Vinnie;Remy;SEASHELLS;14377.0;1
2;42385.0;Remy;Vinnie;SEASHELLS;14371.0;1
2;42387.0;Vinnie;Vladimir;SEASHELLS;14379.0;3
2;42403.0;Vinnie;Vladimir;SEASHELLS;14384.0;5
2;42408.0;Remy;Vinnie;SEASHELLS;14384.0;5
2;42412.0;Vinnie;Remy;SEASHELLS;14368.0;5
2;42421.0;Vinnie;Remy;SEASHELLS;14374.0;5
2;42427.0;Remy;Vinnie;SEASHELLS;14386.0;2
2;42462.0;Vinnie;Vladimir;SEASHELLS;14396.0;8
2;42464.0;Vinnie;Vladimir;SEASHELLS;14394.0;8
2;42467.0;Vinnie;Remy;SEASHELLS;14393.0;5
2;42503.0;Remy;Vinnie;SEASHELLS;14418.0;1
2;42539.0;Remy;Vinnie;SEASHELLS;14412.0;2
2;42586.0;Remy;Vinnie;SEASHELLS;14402.0;3
2;42587.0;Vinnie;Remy;SEASHELLS;14402.0;2
2;42606.0;Remy;Vinnie;SEASHELLS;14396.0;2
2;42621.0;Vinnie;Remy;SEASHELLS;14400.0;2
2;42622.0;Vinnie;Remy;SEASHELLS;14402.0;2
2;42659.0;Remy;Vinnie;SEASHELLS;14369.0;5
2;42664.0;Vinnie;Remy;SEASHELLS;14361.0;4
2;42666.0;Vinnie;Remy;SEASHELLS;14357.0;1
2;42670.0;Vinnie;Remy;SEASHELLS;14358.0;5
2;42680.0;Remy;Vinnie;SEASHELLS;14344.0;4
2;42693.0;Remy;Vinnie;SEASHELLS;14330.0;5
2;42698.0;Vinnie;Vladimir;SEASHELLS;14334.0;6
2;42726.0;Remy;Vinnie;SEASHELLS;14353.0;5
2;42746.0;Vinnie;Remy;SEASHELLS;14350.0;4
