day;timestamp;bid_price_1;bid_volume_1;bid_price_2;bid_volume_2;bid_price_3;bid_volume_3;ask_price_1;ask_volume_1;ask_price_2;ask_volume_2;ask_price_3;ask_volume_3;mid_price;profit_and_loss
0;20001.0;14999;72;0.0;0.0;0.0;0.0;15001;72;0.0;0.0;0.0;0.0;15000.0;0.0
0;20002.0;14999;66;0.0;0.0;0.0;0.0;15001;66;0.0;0.0;0.0;0.0;15000.0;0.0
0;20003.0;15000;61;0.0;0.0;0.0;0.0;15001;21;15002.0;40.0;0.0;0.0;15000.5;0.0
0;20004.0;14999;69;0.0;0.0;0.0;0.0;15001;69;0.0;0.0;0.0;0.0;15000.0;0.0
0;20005.0;14997;62;0.0;0.0;0.0;0.0;14998;62;0.0;0.0;0.0;0.0;14997.5;0.0
0;20006.0;14996;30;14995.0;35.0;0.0;0.0;14997;65;0.0;0.0;0.0;0.0;14996.5;0.0
0;20007.0;14993;67;0.0;0.0;0.0;0.0;14994;67;0.0;0.0;0.0;0.0;14993.5;0.0
0;20008.0;14993;56;0.0;0.0;0.0;0.0;14994;56;0.0;0.0;0.0;0.0;14993.5;0.0
0;20009.0;14997;30;14996.0;42.0;0.0;0.0;14998;72;0.0;0.0;0.0;0.0;14997.5;0.0
0;20010.0;14995;67;0.0;0.0;0.0;0.0;14997;67;0.0;0.0;0.0;0.0;14996.0;0.0
0;20011.0;14994;19;14993.0;50.0;0.0;0.0;14995;69;0.0;0.0;0.0;0.0;14994.5;0.0
0;20012.0;14995;65;0.0;0.0;0.0;0.0;14996;65;0.0;0.0;0.0;0.0;14995.5;0.0
0;20013.0;14996;67;0.0;0.0;0.0;0.0;14997;67;0.0;0.0;0.0;0.0;14996.5;0.0
0;20014.0;14996;78;0.0;0.0;0.0;0.0;14997;29;14998.0;49.0;0.0;0.0;14996.5;0.0
0;20015.0;14994;24;14993.0;50.0;0.0;0.0;14995;74;0.0;0.0;0.0;0.0;14994.5;0.0
0;20016.0;14993;64;0.0;0.0;0.0;0.0;14995;64;0.0;0.0;0.0;0.0;14994.0;0.0
0;20017.0;14995;75;0.0;0.0;0.0;0.0;14997;75;0.0;0.0;0.0;0.0;14996.0;0.0
0;20018.0;14992;17;14991.0;40.0;0.0;0.0;14993;57;0.0;0.0;0.0;0.0;14992.5;0.0
0;20019.0;14990;56;0.0;0.0;0.0;0.0;14992;56;0.0;0.0;0.0;0.0;14991.0;0.0
0;20020.0;14985;60;0.0;0.0;0.0;0.0;14986;60;0.0;0.0;0.0;0.0;14985.5;0.0
0;20021.0;14981;64;0.0;0.0;0.0;0.0;14982;23;14983.0;41.0;0.0;0.0;14981.5;0.0
0;20022.0;14976;69;0.0;0.0;0.0;0.0;14977;69;0.0;0.0;0.0;0.0;14976.5;0.0
0;20023.0;14975;54;0.0;0.0;0.0;0.0;14977;54;0.0;0.0;0.0;0.0;14976.0;0.0
0;20024.0;14972;24;14971.0;31.0;0.0;0.0;14973;55;0.0;0.0;0.0;0.0;14972.5;0.0
0;20025.0;14972;69;0.0;0.0;0.0;0.0;14974;69;0.0;0.0;0.0;0.0;14973.0;0.0
0;20026.0;14973;47;0.0;0.0;0.0;0.0;14974;47;0.0;0.0;0.0;0.0;14973.5;0.0
0;20027.0;14972;66;0.0;0.0;0.0;0.0;14974;66;0.0;0.0;0.0;0.0;14973.0;0.0
0;20028.0;14965;57;0.0;0.0;0.0;0.0;14967;57;0.0;0.0;0.0;0.0;14966.0;0.0
0;20029.0;14964;20;14963.0;49.0;0.0;0.0;14965;69;0.0;0.0;0.0;0.0;14964.5;0.0
0;20030.0;14964;28;14963.0;41.0;0.0;0.0;14965;69;0.0;0.0;0.0;0.0;14964.5;0.0
0;20031.0;14964;66;0.0;0.0;0.0;0.0;14965;66;0.0;0.0;0.0;0.0;14964.5;0.0
0;20032.0;14960;29;14959.0;40.0;0.0;0.0;14961;69;0.0;0.0;0.0;0.0;14960.5;0.0
0;20033.0;14958;66;0.0;0.0;0.0;0.0;14959;22;14960.0;44.0;0.0;0.0;14958.5;0.0
0;20034.0;14955;76;0.0;0.0;0.0;0.0;14957;76;0.0;0.0;0.0;0.0;14956.0;0.0
0;20035.0;14953;60;0.0;0.0;0.0;0.0;14954;15;14955.0;45.0;0.0;0.0;14953.5;0.0
0;20036.0;14956;59;0.0;0.0;0.0;0.0;14957;18;14958.0;41.0;0.0;0.0;14956.5;0.0
0;20037.0;14954;60;0.0;0.0;0.0;0.0;14955;60;0.0;0.0;0.0;0.0;14954.5;0.0
0;20038.0;14954;28;14953.0;47.0;0.0;0.0;14955;75;0.0;0.0;0.0;0.0;14954.5;0.0
0;20039.0;14956;54;0.0;0.0;0.0;0.0;14957;24;14958.0;30.0;0.0;0.0;14956.5;0.0
0;20040.0;14954;66;0.0;0.0;0.0;0.0;14956;66;0.0;0.0;0.0;0.0;14955.0;0.0
0;20041.0;14954;48;0.0;0.0;0.0;0.0;14955;18;14956.0;30.0;0.0;0.0;14954.5;0.0
0;20042.0;14954;57;0.0;0.0;0.0;0.0;14956;57;0.0;0.0;0.0;0.0;14955.0;0.0
0;20043.0;14955;22;14954.0;34.0;0.0;0.0;14956;56;0.0;0.0;0.0;0.0;14955.5;0.0
0;20044.0;14951;67;0.0;0.0;0.0;0.0;14952;18;14953.0;49.0;0.0;0.0;14951.5;0.0
0;20045.0;14951;66;0.0;0.0;0.0;0.0;14953;66;0.0;0.0;0.0;0.0;14952.0;0.0
0;20046.0;14955;65;0.0;0.0;0.0;0.0;14956;18;14957.0;47.0;0.0;0.0;14955.5;0.0
0;20047.0;14951;66;0.0;0.0;0.0;0.0;14952;66;0.0;0.0;0.0;0.0;14951.5;0.0
0;20048.0;14953;60;0.0;0.0;0.0;0.0;14955;60;0.0;0.0;0.0;0.0;14954.0;0.0
0;20049.0;14954;18;14953.0;36.0;0.0;0.0;14955;54;0.0;0.0;0.0;0.0;14954.5;0.0
0;20050.0;14952;64;0.0;0.0;0.0;0.0;14953;64;0.0;0.0;0.0;0.0;14952.5;0.0
0;20051.0;14957;54;0.0;0.0;0.0;0.0;14959;54;0.0;0.0;0.0;0.0;14958.0;0.0
0;20052.0;14960;29;14959.0;33.0;0.0;0.0;14961;62;0.0;0.0;0.0;0.0;14960.5;0.0
0;20053.0;14956;49;0.0;0.0;0.0;0.0;14957;19;14958.0;30.0;0.0;0.0;14956.5;0.0
0;20054.0;14956;74;0.0;0.0;0.0;0.0;14958;74;0.0;0.0;0.0;0.0;14957.0;0.0
0;20055.0;14958;65;0.0;0.0;0.0;0.0;14959;65;0.0;0.0;0.0;0.0;14958.5;0.0
0;20056.0;14957;52;0.0;0.0;0.0;0.0;14959;52;0.0;0.0;0.0;0.0;14958.0;0.0
0;20057.0;14959;61;0.0;0.0;0.0;0.0;14961;61;0.0;0.0;0.0;0.0;14960.0;0.0
0;20058.0;14959;52;0.0;0.0;0.0;0.0;14960;21;14961.0;31.0;0.0;0.0;14959.5;0.0
0;20059.0;14961;68;0.0;0.0;0.0;0.0;14962;28;14963.0;40.0;0.0;0.0;14961.5;0.0
0;20060.0;14965;53;0.0;0.0;0.0;0.0;14966;15;14967.0;38.0;0.0;0.0;14965.5;0.0
0;20061.0;14963;68;0.0;0.0;0.0;0.0;14964;29;14965.0;39.0;0.0;0.0;14963.5;0.0
0;20062.0;14964;29;14963.0;34.0;0.0;0.0;14965;63;0.0;0.0;0.0;0.0;14964.5;0.0
0;20063.0;14962;73;0.0;0.0;0.0;0.0;14964;73;0.0;0.0;0.0;0.0;14963.0;0.0
0;20064.0;14963;20;14962.0;33.0;0.0;0.0;14964;53;0.0;0.0;0.0;0.0;14963.5;0.0
0;20065.0;14959;62;0.0;0.0;0.0;0.0;14961;62;0.0;0.0;0.0;0.0;14960.0;0.0
0;20066.0;14958;18;14957.0;43.0;0.0;0.0;14959;61;0.0;0.0;0.0;0.0;14958.5;0.0
0;20067.0;14957;53;0.0;0.0;0.0;0.0;14958;22;14959.0;31.0;0.0;0.0;14957.5;0.0
0;20068.0;14960;26;14959.0;44.0;0.0;0.0;14961;70;0.0;0.0;0.0;0.0;14960.5;0.0
0;20069.0;14963;54;0.0;0.0;0.0;0.0;14964;54;0.0;0.0;0.0;0.0;14963.5;0.0
0;20070.0;14959;58;0.0;0.0;0.0;0.0;14960;17;14961.0;41.0;0.0;0.0;14959.5;0.0
0;20071.0;14957;69;0.0;0.0;0.0;0.0;14958;69;0.0;0.0;0.0;0.0;14957.5;0.0
0;20072.0;14959;18;14958.0;45.0;0.0;0.0;14960;63;0.0;0.0;0.0;0.0;14959.5;0.0
0;20073.0;14953;60;0.0;0.0;0.0;0.0;14954;17;14955.0;43.0;0.0;0.0;14953.5;0.0
0;20074.0;14952;16;14951.0;49.0;0.0;0.0;14953;65;0.0;0.0;0.0;0.0;14952.5;0.0
0;20075.0;14951;60;0.0;0.0;0.0;0.0;14953;60;0.0;0.0;0.0;0.0;14952.0;0.0
0;20076.0;14955;61;0.0;0.0;0.0;0.0;14956;61;0.0;0.0;0.0;0.0;14955.5;0.0
0;20077.0;14957;64;0.0;0.0;0.0;0.0;14958;64;0.0;0.0;0.0;0.0;14957.5;0.0
0;20078.0;14956;72;0.0;0.0;0.0;0.0;14957;72;0.0;0.0;0.0;0.0;14956.5;0.0
0;20079.0;14955;72;0.0;0.0;0.0;0.0;14956;72;0.0;0.0;0.0;0.0;14955.5;0.0
0;20080.0;14954;72;0.0;0.0;0.0;0.0;14956;72;0.0;0.0;0.0;0.0;14955.0;0.0
0;20081.0;14959;26;14958.0;35.0;0.0;0.0;14960;61;0.0;0.0;0.0;0.0;14959.5;0.0
0;20082.0;14957;77;0.0;0.0;0.0;0.0;14959;77;0.0;0.0;0.0;0.0;14958.0;0.0
0;20083.0;14956;60;0.0;0.0;0.0;0.0;14958;60;0.0;0.0;0.0;0.0;14957.0;0.0
0;20084.0;14957;67;0.0;0.0;0.0;0.0;14959;67;0.0;0.0;0.0;0.0;14958.0;0.0
0;20085.0;14957;70;0.0;0.0;0.0;0.0;14958;22;14959.0;48.0;0.0;0.0;14957.5;0.0
0;20086.0;14956;64;0.0;0.0;0.0;0.0;14958;64;0.0;0.0;0.0;0.0;14957.0;0.0
0;20087.0;14953;69;0.0;0.0;0.0;0.0;14955;69;0.0;0.0;0.0;0.0;14954.0;0.0
0;20088.0;14953;53;0.0;0.0;0.0;0.0;14955;50;0.0;0.0;0.0;0.0;14954.0;0.0
0;20089.0;14952;70;0.0;0.0;0.0;0.0;14953;22;14954.0;48.0;0.0;0.0;14952.5;0.0
0;20090.0;14955;69;0.0;0.0;0.0;0.0;14957;69;0.0;0.0;0.0;0.0;14956.0;0.0
0;20091.0;14957;62;0.0;0.0;0.0;0.0;14958;15;14959.0;47.0;0.0;0.0;14957.5;0.0
0;20092.0;14957;66;0.0;0.0;0.0;0.0;14958;28;14959.0;38.0;0.0;0.0;14957.5;0.0
0;20093.0;14959;49;0.0;0.0;0.0;0.0;14960;49;0.0;0.0;0.0;0.0;14959.5;0.0
0;20094.0;14958;53;0.0;0.0;0.0;0.0;14959;53;0.0;0.0;0.0;0.0;14958.5;0.0
0;20095.0;14961;58;0.0;0.0;0.0;0.0;14962;58;0.0;0.0;0.0;0.0;14961.5;0.0
0;20096.0;14961;67;0.0;0.0;0.0;0.0;14962;67;0.0;0.0;0.0;0.0;14961.5;0.0
0;20097.0;14963;23;14962.0;41.0;0.0;0.0;14964;64;0.0;0.0;0.0;0.0;14963.5;0.0
0;20098.0;14959;57;0.0;0.0;0.0;0.0;14960;57;0.0;0.0;0.0;0.0;14959.5;0.0
0;20099.0;14960;46;0.0;0.0;0.0;0.0;14961;46;0.0;0.0;0.0;0.0;14960.5;0.0
0;20100.0;14955;79;0.0;0.0;0.0;0.0;14956;29;14957.0;50.0;0.0;0.0;14955.5;0.0
0;20101.0;14949;71;0.0;0.0;0.0;0.0;14951;71;0.0;0.0;0.0;0.0;14950.0;0.0
0;20102.0;14948;59;0.0;0.0;0.0;0.0;14950;59;0.0;0.0;0.0;0.0;14949.0;0.0
0;20103.0;14946;64;0.0;0.0;0.0;0.0;14947;64;0.0;0.0;0.0;0.0;14946.5;0.0
0;20104.0;14946;60;0.0;0.0;0.0;0.0;14948;60;0.0;0.0;0.0;0.0;14947.0;0.0
0;20105.0;14953;20;14952.0;33.0;0.0;0.0;14954;53;0.0;0.0;0.0;0.0;14953.5;0.0
0;20106.0;14950;71;0.0;0.0;0.0;0.0;14952;71;0.0;0.0;0.0;0.0;14951.0;0.0
0;20107.0;14949;29;14948.0;36.0;0.0;0.0;14950;65;0.0;0.0;0.0;0.0;14949.5;0.0
0;20108.0;14949;53;0.0;0.0;0.0;0.0;14950;21;14951.0;32.0;0.0;0.0;14949.5;0.0
0;20109.0;14950;57;0.0;0.0;0.0;0.0;14952;57;0.0;0.0;0.0;0.0;14951.0;0.0
0;20110.0;14950;56;0.0;0.0;0.0;0.0;14951;56;0.0;0.0;0.0;0.0;14950.5;0.0
0;20111.0;14949;62;0.0;0.0;0.0;0.0;14951;62;0.0;0.0;0.0;0.0;14950.0;0.0
0;20112.0;14951;56;0.0;0.0;0.0;0.0;14953;56;0.0;0.0;0.0;0.0;14952.0;0.0
0;20113.0;14953;64;0.0;0.0;0.0;0.0;14954;64;0.0;0.0;0.0;0.0;14953.5;0.0
0;20114.0;14950;66;0.0;0.0;0.0;0.0;14951;66;0.0;0.0;0.0;0.0;14950.5;0.0
0;20115.0;14950;30;14949.0;48.0;0.0;0.0;14951;78;0.0;0.0;0.0;0.0;14950.5;0.0
0;20116.0;14950;29;14949.0;33.0;0.0;0.0;14951;62;0.0;0.0;0.0;0.0;14950.5;0.0
0;20117.0;14947;23;14946.0;49.0;0.0;0.0;14948;72;0.0;0.0;0.0;0.0;14947.5;0.0
0;20118.0;14947;69;0.0;0.0;0.0;0.0;14949;69;0.0;0.0;0.0;0.0;14948.0;0.0
0;20119.0;14945;50;0.0;0.0;0.0;0.0;14946;18;14947.0;32.0;0.0;0.0;14945.5;0.0
0;20120.0;14948;68;0.0;0.0;0.0;0.0;14949;68;0.0;0.0;0.0;0.0;14948.5;0.0
0;20121.0;14948;79;0.0;0.0;0.0;0.0;14950;79;0.0;0.0;0.0;0.0;14949.0;0.0
0;20122.0;14949;26;14948.0;32.0;0.0;0.0;14950;58;0.0;0.0;0.0;0.0;14949.5;0.0
0;20123.0;14947;62;0.0;0.0;0.0;0.0;14948;62;0.0;0.0;0.0;0.0;14947.5;0.0
0;20124.0;14946;60;0.0;0.0;0.0;0.0;14948;60;0.0;0.0;0.0;0.0;14947.0;0.0
0;20125.0;14941;65;0.0;0.0;0.0;0.0;14942;65;0.0;0.0;0.0;0.0;14941.5;0.0
0;20126.0;14938;23;14937.0;36.0;0.0;0.0;14939;59;0.0;0.0;0.0;0.0;14938.5;0.0
0;20127.0;14939;18;14938.0;33.0;0.0;0.0;14940;51;0.0;0.0;0.0;0.0;14939.5;0.0
0;20128.0;14933;17;14932.0;49.0;0.0;0.0;14934;70;0.0;0.0;0.0;0.0;14933.5;0.0
0;20129.0;14935;73;0.0;0.0;0.0;0.0;14936;26;14937.0;47.0;0.0;0.0;14935.5;0.0
0;20130.0;14930;65;0.0;0.0;0.0;0.0;14931;26;14932.0;39.0;0.0;0.0;14930.5;0.0
0;20131.0;14932;61;0.0;0.0;0.0;0.0;14933;23;14934.0;38.0;0.0;0.0;14932.5;0.0
0;20132.0;14930;68;0.0;0.0;0.0;0.0;14931;68;0.0;0.0;0.0;0.0;14930.5;0.0
0;20133.0;14932;65;0.0;0.0;0.0;0.0;14933;23;14934.0;42.0;0.0;0.0;14932.5;0.0
0;20134.0;14932;51;0.0;0.0;0.0;0.0;14934;51;0.0;0.0;0.0;0.0;14933.0;0.0
0;20135.0;14928;46;0.0;0.0;0.0;0.0;14929;15;14930.0;31.0;0.0;0.0;14928.5;0.0
0;20136.0;14932;16;14931.0;47.0;0.0;0.0;14933;63;0.0;0.0;0.0;0.0;14932.5;0.0
0;20137.0;14936;18;14935.0;44.0;0.0;0.0;14937;62;0.0;0.0;0.0;0.0;14936.5;0.0
0;20138.0;14935;68;0.0;0.0;0.0;0.0;14937;68;0.0;0.0;0.0;0.0;14936.0;0.0
0;20139.0;14935;18;14934.0;30.0;0.0;0.0;14936;48;0.0;0.0;0.0;0.0;14935.5;0.0
0;20140.0;14934;52;0.0;0.0;0.0;0.0;14935;21;14936.0;31.0;0.0;0.0;14934.5;0.0
0;20141.0;14931;62;0.0;0.0;0.0;0.0;14933;62;0.0;0.0;0.0;0.0;14932.0;0.0
0;20142.0;14934;58;0.0;0.0;0.0;0.0;14936;58;0.0;0.0;0.0;0.0;14935.0;0.0
0;20143.0;14933;66;0.0;0.0;0.0;0.0;14934;66;0.0;0.0;0.0;0.0;14933.5;0.0
0;20144.0;14933;74;0.0;0.0;0.0;0.0;14934;74;0.0;0.0;0.0;0.0;14933.5;0.0
0;20145.0;14930;64;0.0;0.0;0.0;0.0;14932;64;0.0;0.0;0.0;0.0;14931.0;0.0
0;20146.0;14929;16;14928.0;39.0;0.0;0.0;14930;55;0.0;0.0;0.0;0.0;14929.5;0.0
0;20147.0;14925;70;0.0;0.0;0.0;0.0;14926;21;14927.0;49.0;0.0;0.0;14925.5;0.0
0;20148.0;14929;19;14928.0;39.0;0.0;0.0;14930;58;0.0;0.0;0.0;0.0;14929.5;0.0
0;20149.0;14928;66;0.0;0.0;0.0;0.0;14929;30;14930.0;36.0;0.0;0.0;14928.5;0.0
0;20150.0;14931;62;0.0;0.0;0.0;0.0;14932;62;0.0;0.0;0.0;0.0;14931.5;0.0
0;20151.0;14931;76;0.0;0.0;0.0;0.0;14932;76;0.0;0.0;0.0;0.0;14931.5;0.0
0;20152.0;14929;65;0.0;0.0;0.0;0.0;14930;65;0.0;0.0;0.0;0.0;14929.5;0.0
0;20153.0;14928;51;0.0;0.0;0.0;0.0;14929;20;14930.0;31.0;0.0;0.0;14928.5;0.0
0;20154.0;14926;69;0.0;0.0;0.0;0.0;14928;69;0.0;0.0;0.0;0.0;14927.0;0.0
0;20155.0;14926;61;0.0;0.0;0.0;0.0;14928;61;0.0;0.0;0.0;0.0;14927.0;0.0
0;20156.0;14925;59;0.0;0.0;0.0;0.0;14927;59;0.0;0.0;0.0;0.0;14926.0;0.0
0;20157.0;14925;21;14924.0;34.0;0.0;0.0;14926;61;0.0;0.0;0.0;0.0;14925.5;0.0
0;20158.0;14921;17;14920.0;43.0;0.0;0.0;14922;60;0.0;0.0;0.0;0.0;14921.5;0.0
0;20159.0;14918;71;0.0;0.0;0.0;0.0;14920;71;0.0;0.0;0.0;0.0;14919.0;0.0
0;20160.0;14923;71;0.0;0.0;0.0;0.0;14924;30;14925.0;48.0;0.0;0.0;14923.5;0.0
0;20161.0;14921;63;0.0;0.0;0.0;0.0;14922;30;14923.0;33.0;0.0;0.0;14921.5;0.0
0;20162.0;14918;71;0.0;0.0;0.0;0.0;14919;25;14920.0;46.0;0.0;0.0;14918.5;0.0
0;20163.0;14919;60;0.0;0.0;0.0;0.0;14920;18;14921.0;42.0;0.0;0.0;14919.5;0.0
0;20164.0;14923;65;0.0;0.0;0.0;0.0;14924;19;14925.0;46.0;0.0;0.0;14923.5;0.0
0;20165.0;14919;71;0.0;0.0;0.0;0.0;14920;71;0.0;0.0;0.0;0.0;14919.5;0.0
0;20166.0;14918;66;0.0;0.0;0.0;0.0;14920;66;0.0;0.0;0.0;0.0;14919.0;0.0
0;20167.0;14916;69;0.0;0.0;0.0;0.0;14918;69;0.0;0.0;0.0;0.0;14917.0;0.0
0;20168.0;14912;23;14911.0;47.0;0.0;0.0;14913;70;0.0;0.0;0.0;0.0;14912.5;0.0
0;20169.0;14914;20;14913.0;43.0;0.0;0.0;14915;63;0.0;0.0;0.0;0.0;14914.5;0.0
0;20170.0;14914;29;14913.0;41.0;0.0;0.0;14915;70;0.0;0.0;0.0;0.0;14914.5;0.0
0;20171.0;14914;29;14913.0;43.0;0.0;0.0;14915;72;0.0;0.0;0.0;0.0;14914.5;0.0
0;20172.0;14912;27;14911.0;48.0;0.0;0.0;14913;75;0.0;0.0;0.0;0.0;14912.5;0.0
0;20173.0;14913;65;0.0;0.0;0.0;0.0;14914;65;0.0;0.0;0.0;0.0;14913.5;0.0
0;20174.0;14911;55;0.0;0.0;0.0;0.0;14913;55;0.0;0.0;0.0;0.0;14912.0;0.0
0;20175.0;14911;61;0.0;0.0;0.0;0.0;14912;61;0.0;0.0;0.0;0.0;14911.5;0.0
0;20176.0;14908;61;0.0;0.0;0.0;0.0;14909;61;0.0;0.0;0.0;0.0;14908.5;0.0
0;20177.0;14904;62;0.0;0.0;0.0;0.0;14906;62;0.0;0.0;0.0;0.0;14905.0;0.0
0;20178.0;14908;55;0.0;0.0;0.0;0.0;14909;19;14910.0;36.0;0.0;0.0;14908.5;0.0
0;20179.0;14907;21;14906.0;31.0;0.0;0.0;14908;52;0.0;0.0;0.0;0.0;14907.5;0.0
0;20180.0;14907;69;0.0;0.0;0.0;0.0;14909;69;0.0;0.0;0.0;0.0;14908.0;0.0
0;20181.0;14907;60;0.0;0.0;0.0;0.0;14909;60;0.0;0.0;0.0;0.0;14908.0;0.0
0;20182.0;14906;64;0.0;0.0;0.0;0.0;14907;27;14908.0;37.0;0.0;0.0;14906.5;0.0
0;20183.0;14905;19;14904.0;49.0;0.0;0.0;14906;68;0.0;0.0;0.0;0.0;14905.5;0.0
0;20184.0;14906;64;0.0;0.0;0.0;0.0;14908;64;0.0;0.0;0.0;0.0;14907.0;0.0
0;20185.0;14906;19;14905.0;48.0;0.0;0.0;14907;67;0.0;0.0;0.0;0.0;14906.5;0.0
0;20186.0;14905;58;0.0;0.0;0.0;0.0;14906;16;14907.0;42.0;0.0;0.0;14905.5;0.0
0;20187.0;14905;60;0.0;0.0;0.0;0.0;14906;20;14907.0;40.0;0.0;0.0;14905.5;0.0
0;20188.0;14908;66;0.0;0.0;0.0;0.0;14910;66;0.0;0.0;0.0;0.0;14909.0;0.0
0;20189.0;14910;53;0.0;0.0;0.0;0.0;14912;53;0.0;0.0;0.0;0.0;14911.0;0.0
0;20190.0;14911;58;0.0;0.0;0.0;0.0;14913;58;0.0;0.0;0.0;0.0;14912.0;0.0
0;20191.0;14910;61;0.0;0.0;0.0;0.0;14911;61;0.0;0.0;0.0;0.0;14910.5;0.0
0;20192.0;14906;61;0.0;0.0;0.0;0.0;14907;61;0.0;0.0;0.0;0.0;14906.5;0.0
0;20193.0;14909;28;14908.0;39.0;0.0;0.0;14910;67;0.0;0.0;0.0;0.0;14909.5;0.0
0;20194.0;14911;75;0.0;0.0;0.0;0.0;14913;75;0.0;0.0;0.0;0.0;14912.0;0.0
0;20195.0;14911;62;0.0;0.0;0.0;0.0;14912;62;0.0;0.0;0.0;0.0;14911.5;0.0
0;20196.0;14912;54;0.0;0.0;0.0;0.0;14914;54;0.0;0.0;0.0;0.0;14913.0;0.0
0;20197.0;14915;22;14914.0;30.0;0.0;0.0;14916;52;0.0;0.0;0.0;0.0;14915.5;0.0
0;20198.0;14917;63;0.0;0.0;0.0;0.0;14918;63;0.0;0.0;0.0;0.0;14917.5;0.0
0;20199.0;14920;27;14919.0;41.0;0.0;0.0;14921;68;0.0;0.0;0.0;0.0;14920.5;0.0
0;20200.0;14918;79;0.0;0.0;0.0;0.0;14920;79;0.0;0.0;0.0;0.0;14919.0;0.0
0;20201.0;14922;64;0.0;0.0;0.0;0.0;14924;64;0.0;0.0;0.0;0.0;14923.0;0.0
0;20202.0;14919;46;0.0;0.0;0.0;0.0;14920;46;0.0;0.0;0.0;0.0;14919.5;0.0
0;20203.0;14921;53;0.0;0.0;0.0;0.0;14923;53;0.0;0.0;0.0;0.0;14922.0;0.0
0;20204.0;14923;69;0.0;0.0;0.0;0.0;14924;69;0.0;0.0;0.0;0.0;14923.5;0.0
0;20205.0;14925;74;0.0;0.0;0.0;0.0;14927;74;0.0;0.0;0.0;0.0;14926.0;0.0
0;20206.0;14931;18;14930.0;35.0;0.0;0.0;14932;53;0.0;0.0;0.0;0.0;14931.5;0.0
0;20207.0;14935;15;14934.0;36.0;0.0;0.0;14936;51;0.0;0.0;0.0;0.0;14935.5;0.0
0;20208.0;14931;62;0.0;0.0;0.0;0.0;14933;62;0.0;0.0;0.0;0.0;14932.0;0.0
0;20209.0;14927;15;14926.0;35.0;0.0;0.0;14928;50;0.0;0.0;0.0;0.0;14927.5;0.0
0;20210.0;14929;68;0.0;0.0;0.0;0.0;14930;68;0.0;0.0;0.0;0.0;14929.5;0.0
0;20211.0;14926;62;0.0;0.0;0.0;0.0;14927;21;14928.0;41.0;0.0;0.0;14926.5;0.0
0;20212.0;14926;61;0.0;0.0;0.0;0.0;14927;19;14928.0;42.0;0.0;0.0;14926.5;0.0
0;20213.0;14928;60;0.0;0.0;0.0;0.0;14930;60;0.0;0.0;0.0;0.0;14929.0;0.0
0;20214.0;14924;58;0.0;0.0;0.0;0.0;14925;58;0.0;0.0;0.0;0.0;14924.5;0.0
0;20215.0;14918;62;0.0;0.0;0.0;0.0;14919;62;0.0;0.0;0.0;0.0;14918.5;0.0
0;20216.0;14919;15;14918.0;41.0;0.0;0.0;14920;56;0.0;0.0;0.0;0.0;14919.5;0.0
0;20217.0;14919;13;14918.0;38.0;0.0;0.0;14920;55;0.0;0.0;0.0;0.0;14919.5;0.0
0;20218.0;14918;61;0.0;0.0;0.0;0.0;14919;61;0.0;0.0;0.0;0.0;14918.5;0.0
0;20219.0;14918;61;0.0;0.0;0.0;0.0;14919;15;14920.0;46.0;0.0;0.0;14918.5;0.0
0;20220.0;14916;21;14915.0;46.0;0.0;0.0;14917;67;0.0;0.0;0.0;0.0;14916.5;0.0
0;20221.0;14911;58;0.0;0.0;0.0;0.0;14913;58;0.0;0.0;0.0;0.0;14912.0;0.0
0;20222.0;14911;62;0.0;0.0;0.0;0.0;14912;62;0.0;0.0;0.0;0.0;14911.5;0.0
0;20223.0;14908;54;0.0;0.0;0.0;0.0;14909;21;14910.0;33.0;0.0;0.0;14908.5;0.0
0;20224.0;14903;56;0.0;0.0;0.0;0.0;14905;56;0.0;0.0;0.0;0.0;14904.0;0.0
0;20225.0;14905;77;0.0;0.0;0.0;0.0;14906;77;0.0;0.0;0.0;0.0;14905.5;0.0
0;20226.0;14905;22;14904.0;41.0;0.0;0.0;14906;63;0.0;0.0;0.0;0.0;14905.5;0.0
0;20227.0;14906;59;0.0;0.0;0.0;0.0;14907;59;0.0;0.0;0.0;0.0;14906.5;0.0
0;20228.0;14903;67;0.0;0.0;0.0;0.0;14904;20;14905.0;47.0;0.0;0.0;14903.5;0.0
0;20229.0;14901;55;0.0;0.0;0.0;0.0;14902;25;14903.0;30.0;0.0;0.0;14901.5;0.0
0;20230.0;14898;61;0.0;0.0;0.0;0.0;14900;61;0.0;0.0;0.0;0.0;14899.0;0.0
0;20231.0;14896;63;0.0;0.0;0.0;0.0;14897;63;0.0;0.0;0.0;0.0;14896.5;0.0
0;20232.0;14896;75;0.0;0.0;0.0;0.0;14898;75;0.0;0.0;0.0;0.0;14897.0;0.0
0;20233.0;14894;63;0.0;0.0;0.0;0.0;14895;19;14896.0;44.0;0.0;0.0;14894.5;0.0
0;20234.0;14895;59;0.0;0.0;0.0;0.0;14896;22;14897.0;37.0;0.0;0.0;14895.5;0.0
0;20235.0;14896;70;0.0;0.0;0.0;0.0;14897;22;14898.0;48.0;0.0;0.0;14896.5;0.0
0;20236.0;14902;54;0.0;0.0;0.0;0.0;14903;54;0.0;0.0;0.0;0.0;14902.5;0.0
0;20237.0;14898;55;0.0;0.0;0.0;0.0;14899;55;0.0;0.0;0.0;0.0;14898.5;0.0
0;20238.0;14900;64;0.0;0.0;0.0;0.0;14902;64;0.0;0.0;0.0;0.0;14901.0;0.0
0;20239.0;14900;72;0.0;0.0;0.0;0.0;14901;29;14902.0;43.0;0.0;0.0;14900.5;0.0
0;20240.0;14900;60;0.0;0.0;0.0;0.0;14901;21;14902.0;39.0;0.0;0.0;14900.5;0.0
0;20241.0;14896;58;0.0;0.0;0.0;0.0;14897;58;0.0;0.0;0.0;0.0;14896.5;0.0
0;20242.0;14895;21;14894.0;44.0;0.0;0.0;14896;65;0.0;0.0;0.0;0.0;14895.5;0.0
0;20243.0;14897;29;14896.0;42.0;0.0;0.0;14898;71;0.0;0.0;0.0;0.0;14897.5;0.0
0;20244.0;14896;60;0.0;0.0;0.0;0.0;14898;60;0.0;0.0;0.0;0.0;14897.0;0.0
0;20245.0;14897;29;14896.0;50.0;0.0;0.0;14898;79;0.0;0.0;0.0;0.0;14897.5;0.0
0;20246.0;14896;60;0.0;0.0;0.0;0.0;14897;60;0.0;0.0;0.0;0.0;14896.5;0.0
0;20247.0;14899;62;0.0;0.0;0.0;0.0;14900;24;14901.0;38.0;0.0;0.0;14899.5;0.0
0;20248.0;14899;74;0.0;0.0;0.0;0.0;14900;74;0.0;0.0;0.0;0.0;14899.5;0.0
0;20249.0;14893;57;0.0;0.0;0.0;0.0;14894;57;0.0;0.0;0.0;0.0;14893.5;0.0
0;20250.0;14891;58;0.0;0.0;0.0;0.0;14892;58;0.0;0.0;0.0;0.0;14891.5;0.0
0;20251.0;14885;57;0.0;0.0;0.0;0.0;14887;57;0.0;0.0;0.0;0.0;14886.0;0.0
0;20252.0;14876;70;0.0;0.0;0.0;0.0;14877;30;14878.0;40.0;0.0;0.0;14876.5;0.0
0;20253.0;14875;30;14874.0;44.0;0.0;0.0;14876;74;0.0;0.0;0.0;0.0;14875.5;0.0
0;20254.0;14878;67;0.0;0.0;0.0;0.0;14880;67;0.0;0.0;0.0;0.0;14879.0;0.0
0;20255.0;14879;10;14878.0;61.0;0.0;0.0;14880;61;0.0;0.0;0.0;0.0;14879.5;0.0
0;20256.0;14875;63;0.0;0.0;0.0;0.0;14876;27;14877.0;36.0;0.0;0.0;14875.5;0.0
0;20257.0;14873;20;14872.0;35.0;0.0;0.0;14874;55;0.0;0.0;0.0;0.0;14873.5;0.0
0;20258.0;14876;21;14875.0;44.0;0.0;0.0;14877;65;0.0;0.0;0.0;0.0;14876.5;0.0
0;20259.0;14876;70;0.0;0.0;0.0;0.0;14877;26;14878.0;44.0;0.0;0.0;14876.5;0.0
0;20260.0;14876;51;0.0;0.0;0.0;0.0;14878;51;0.0;0.0;0.0;0.0;14877.0;0.0
0;20261.0;14876;51;0.0;0.0;0.0;0.0;14877;15;14878.0;36.0;0.0;0.0;14876.5;0.0
0;20262.0;14876;56;0.0;0.0;0.0;0.0;14877;23;14878.0;33.0;0.0;0.0;14876.5;0.0
0;20263.0;14878;62;0.0;0.0;0.0;0.0;14880;62;0.0;0.0;0.0;0.0;14879.0;0.0
0;20264.0;14880;68;0.0;0.0;0.0;0.0;14881;68;0.0;0.0;0.0;0.0;14880.5;0.0
0;20265.0;14881;15;14880.0;49.0;0.0;0.0;14882;64;0.0;0.0;0.0;0.0;14881.5;0.0
0;20266.0;14878;25;14877.0;38.0;0.0;0.0;14879;63;0.0;0.0;0.0;0.0;14878.5;0.0
0;20267.0;14879;61;0.0;0.0;0.0;0.0;14880;19;14881.0;42.0;0.0;0.0;14879.5;0.0
0;20268.0;14877;65;0.0;0.0;0.0;0.0;14878;24;14879.0;41.0;0.0;0.0;14877.5;0.0
0;20269.0;14880;71;0.0;0.0;0.0;0.0;14881;21;14882.0;50.0;0.0;0.0;14880.5;0.0
0;20270.0;14877;30;14876.0;42.0;0.0;0.0;14878;72;0.0;0.0;0.0;0.0;14877.5;0.0
0;20271.0;14876;68;0.0;0.0;0.0;0.0;14877;26;14878.0;42.0;0.0;0.0;14876.5;0.0
0;20272.0;14876;56;0.0;0.0;0.0;0.0;14877;17;14878.0;39.0;0.0;0.0;14876.5;0.0
0;20273.0;14872;51;0.0;0.0;0.0;0.0;14874;51;0.0;0.0;0.0;0.0;14873.0;0.0
0;20274.0;14877;61;0.0;0.0;0.0;0.0;14879;61;0.0;0.0;0.0;0.0;14878.0;0.0
0;20275.0;14881;58;0.0;0.0;0.0;0.0;14883;58;0.0;0.0;0.0;0.0;14882.0;0.0
0;20276.0;14880;47;0.0;0.0;0.0;0.0;14881;15;14882.0;32.0;0.0;0.0;14880.5;0.0
0;20277.0;14882;47;0.0;0.0;0.0;0.0;14883;15;14884.0;32.0;0.0;0.0;14882.5;0.0
0;20278.0;14883;61;0.0;0.0;0.0;0.0;14885;61;0.0;0.0;0.0;0.0;14884.0;0.0
0;20279.0;14876;69;0.0;0.0;0.0;0.0;14877;69;0.0;0.0;0.0;0.0;14876.5;0.0
0;20280.0;14877;21;14876.0;43.0;0.0;0.0;14878;64;0.0;0.0;0.0;0.0;14877.5;0.0
0;20281.0;14876;75;0.0;0.0;0.0;0.0;14878;75;0.0;0.0;0.0;0.0;14877.0;0.0
0;20282.0;14877;23;14876.0;33.0;0.0;0.0;14878;56;0.0;0.0;0.0;0.0;14877.5;0.0
0;20283.0;14874;27;14873.0;36.0;0.0;0.0;14875;63;0.0;0.0;0.0;0.0;14874.5;0.0
0;20284.0;14873;72;0.0;0.0;0.0;0.0;14874;72;0.0;0.0;0.0;0.0;14873.5;0.0
0;20285.0;14872;74;0.0;0.0;0.0;0.0;14874;74;0.0;0.0;0.0;0.0;14873.0;0.0
0;20286.0;14876;27;14875.0;37.0;0.0;0.0;14877;64;0.0;0.0;0.0;0.0;14876.5;0.0
0;20287.0;14877;17;14876.0;47.0;0.0;0.0;14878;64;0.0;0.0;0.0;0.0;14877.5;0.0
0;20288.0;14877;27;14876.0;40.0;0.0;0.0;14878;67;0.0;0.0;0.0;0.0;14877.5;0.0
0;20289.0;14881;47;0.0;0.0;0.0;0.0;14882;47;0.0;0.0;0.0;0.0;14881.5;0.0
0;20290.0;14879;62;0.0;0.0;0.0;0.0;14881;62;0.0;0.0;0.0;0.0;14880.0;0.0
0;20291.0;14878;67;0.0;0.0;0.0;0.0;14879;21;14880.0;46.0;0.0;0.0;14878.5;0.0
0;20292.0;14873;47;0.0;0.0;0.0;0.0;14874;16;14875.0;31.0;0.0;0.0;14873.5;0.0
0;20293.0;14877;56;0.0;0.0;0.0;0.0;14879;56;0.0;0.0;0.0;0.0;14878.0;0.0
0;20294.0;14880;46;0.0;0.0;0.0;0.0;14881;15;14882.0;31.0;0.0;0.0;14880.5;0.0
0;20295.0;14883;22;14882.0;38.0;0.0;0.0;14884;60;0.0;0.0;0.0;0.0;14883.5;0.0
0;20296.0;14885;15;14884.0;47.0;0.0;0.0;14886;62;0.0;0.0;0.0;0.0;14885.5;0.0
0;20297.0;14885;56;0.0;0.0;0.0;0.0;14886;56;0.0;0.0;0.0;0.0;14885.5;0.0
0;20298.0;14885;62;0.0;0.0;0.0;0.0;14887;62;0.0;0.0;0.0;0.0;14886.0;0.0
0;20299.0;14885;22;14884.0;38.0;0.0;0.0;14886;60;0.0;0.0;0.0;0.0;14885.5;0.0
0;20300.0;14884;65;0.0;0.0;0.0;0.0;14885;16;14886.0;49.0;0.0;0.0;14884.5;0.0
0;20301.0;14884;48;0.0;0.0;0.0;0.0;14886;48;0.0;0.0;0.0;0.0;14885.0;0.0
0;20302.0;14889;30;14888.0;45.0;0.0;0.0;14890;75;0.0;0.0;0.0;0.0;14889.5;0.0
0;20303.0;14890;67;0.0;0.0;0.0;0.0;14891;30;14892.0;37.0;0.0;0.0;14890.5;0.0
0;20304.0;14890;48;0.0;0.0;0.0;0.0;14891;48;0.0;0.0;0.0;0.0;14890.5;0.0
0;20305.0;14888;58;0.0;0.0;0.0;0.0;14890;58;0.0;0.0;0.0;0.0;14889.0;0.0
0;20306.0;14887;6;14886.0;53.0;0.0;0.0;14888;53;0.0;0.0;0.0;0.0;14887.5;0.0
0;20307.0;14891;64;0.0;0.0;0.0;0.0;14892;64;0.0;0.0;0.0;0.0;14891.5;0.0
0;20308.0;14892;54;0.0;0.0;0.0;0.0;14894;54;0.0;0.0;0.0;0.0;14893.0;0.0
0;20309.0;14893;15;14892.0;32.0;0.0;0.0;14894;47;0.0;0.0;0.0;0.0;14893.5;0.0
0;20310.0;14892;18;14891.0;41.0;0.0;0.0;14893;59;0.0;0.0;0.0;0.0;14892.5;0.0
0;20311.0;14888;66;0.0;0.0;0.0;0.0;14890;66;0.0;0.0;0.0;0.0;14889.0;0.0
0;20312.0;14888;64;0.0;0.0;0.0;0.0;14890;64;0.0;0.0;0.0;0.0;14889.0;0.0
0;20313.0;14891;25;14890.0;35.0;0.0;0.0;14892;60;0.0;0.0;0.0;0.0;14891.5;0.0
0;20314.0;14890;16;14889.0;43.0;0.0;0.0;14891;59;0.0;0.0;0.0;0.0;14890.5;0.0
0;20315.0;14889;75;0.0;0.0;0.0;0.0;14890;75;0.0;0.0;0.0;0.0;14889.5;0.0
0;20316.0;14888;55;0.0;0.0;0.0;0.0;14890;55;0.0;0.0;0.0;0.0;14889.0;0.0
0;20317.0;14889;25;14888.0;50.0;0.0;0.0;14890;75;0.0;0.0;0.0;0.0;14889.5;0.0
0;20318.0;14884;56;0.0;0.0;0.0;0.0;14885;23;14886.0;33.0;0.0;0.0;14884.5;0.0
0;20319.0;14883;70;0.0;0.0;0.0;0.0;14885;70;0.0;0.0;0.0;0.0;14884.0;0.0
0;20320.0;14881;59;0.0;0.0;0.0;0.0;14882;17;14883.0;42.0;0.0;0.0;14881.5;0.0
0;20321.0;14883;54;0.0;0.0;0.0;0.0;14884;5;14885.0;54.0;0.0;0.0;14883.5;0.0
0;20322.0;14881;70;0.0;0.0;0.0;0.0;14883;70;0.0;0.0;0.0;0.0;14882.0;0.0
0;20323.0;14883;66;0.0;0.0;0.0;0.0;14884;66;0.0;0.0;0.0;0.0;14883.5;0.0
0;20324.0;14887;48;0.0;0.0;0.0;0.0;14888;15;14889.0;33.0;0.0;0.0;14887.5;0.0
0;20325.0;14886;62;0.0;0.0;0.0;0.0;14888;62;0.0;0.0;0.0;0.0;14887.0;0.0
0;20326.0;14885;15;14884.0;32.0;0.0;0.0;14886;47;0.0;0.0;0.0;0.0;14885.5;0.0
0;20327.0;14885;63;0.0;0.0;0.0;0.0;14886;15;14887.0;48.0;0.0;0.0;14885.5;0.0
0;20328.0;14885;63;0.0;0.0;0.0;0.0;14886;21;14887.0;42.0;0.0;0.0;14885.5;0.0
0;20329.0;14882;73;0.0;0.0;0.0;0.0;14884;73;0.0;0.0;0.0;0.0;14883.0;0.0
0;20330.0;14884;20;14883.0;45.0;0.0;0.0;14885;65;0.0;0.0;0.0;0.0;14884.5;0.0
0;20331.0;14889;73;0.0;0.0;0.0;0.0;14891;73;0.0;0.0;0.0;0.0;14890.0;0.0
0;20332.0;14889;22;14888.0;49.0;0.0;0.0;14890;71;0.0;0.0;0.0;0.0;14889.5;0.0
0;20333.0;14888;55;0.0;0.0;0.0;0.0;14889;55;0.0;0.0;0.0;0.0;14888.5;0.0
0;20334.0;14885;53;0.0;0.0;0.0;0.0;14886;53;0.0;0.0;0.0;0.0;14885.5;0.0
0;20335.0;14886;48;0.0;0.0;0.0;0.0;14887;48;0.0;0.0;0.0;0.0;14886.5;0.0
0;20336.0;14882;61;0.0;0.0;0.0;0.0;14884;61;0.0;0.0;0.0;0.0;14883.0;0.0
0;20337.0;14879;60;0.0;0.0;0.0;0.0;14881;60;0.0;0.0;0.0;0.0;14880.0;0.0
0;20338.0;14883;55;0.0;0.0;0.0;0.0;14884;55;0.0;0.0;0.0;0.0;14883.5;0.0
0;20339.0;14880;59;0.0;0.0;0.0;0.0;14882;59;0.0;0.0;0.0;0.0;14881.0;0.0
0;20340.0;14883;63;0.0;0.0;0.0;0.0;14885;63;0.0;0.0;0.0;0.0;14884.0;0.0
0;20341.0;14888;23;14887.0;43.0;0.0;0.0;14889;66;0.0;0.0;0.0;0.0;14888.5;0.0
0;20342.0;14888;67;0.0;0.0;0.0;0.0;14890;67;0.0;0.0;0.0;0.0;14889.0;0.0
0;20343.0;14890;77;0.0;0.0;0.0;0.0;14891;77;0.0;0.0;0.0;0.0;14890.5;0.0
0;20344.0;14895;58;0.0;0.0;0.0;0.0;14897;58;0.0;0.0;0.0;0.0;14896.0;0.0
0;20345.0;14895;70;0.0;0.0;0.0;0.0;14896;70;0.0;0.0;0.0;0.0;14895.5;0.0
0;20346.0;14893;65;0.0;0.0;0.0;0.0;14894;24;14895.0;41.0;0.0;0.0;14893.5;0.0
0;20347.0;14889;54;0.0;0.0;0.0;0.0;14891;54;0.0;0.0;0.0;0.0;14890.0;0.0
0;20348.0;14889;64;0.0;0.0;0.0;0.0;14891;64;0.0;0.0;0.0;0.0;14890.0;0.0
0;20349.0;14893;57;0.0;0.0;0.0;0.0;14895;57;0.0;0.0;0.0;0.0;14894.0;0.0
0;20350.0;14896;58;0.0;0.0;0.0;0.0;14897;24;14898.0;34.0;0.0;0.0;14896.5;0.0
0;20351.0;14894;25;14893.0;35.0;0.0;0.0;14895;60;0.0;0.0;0.0;0.0;14894.5;0.0
0;20352.0;14891;51;0.0;0.0;0.0;0.0;14892;21;14893.0;33.0;0.0;0.0;14891.5;0.0
0;20353.0;14890;24;14889.0;48.0;0.0;0.0;14891;72;0.0;0.0;0.0;0.0;14890.5;0.0
0;20354.0;14890;60;0.0;0.0;0.0;0.0;14892;60;0.0;0.0;0.0;0.0;14891.0;0.0
0;20355.0;14890;58;0.0;0.0;0.0;0.0;14891;58;0.0;0.0;0.0;0.0;14890.5;0.0
0;20356.0;14890;57;0.0;0.0;0.0;0.0;14892;57;0.0;0.0;0.0;0.0;14891.0;0.0
0;20357.0;14891;63;0.0;0.0;0.0;0.0;14893;63;0.0;0.0;0.0;0.0;14892.0;0.0
0;20358.0;14890;69;0.0;0.0;0.0;0.0;14892;69;0.0;0.0;0.0;0.0;14891.0;0.0
0;20359.0;14890;74;0.0;0.0;0.0;0.0;14892;74;0.0;0.0;0.0;0.0;14891.0;0.0
0;20360.0;14891;63;0.0;0.0;0.0;0.0;14892;63;0.0;0.0;0.0;0.0;14891.5;0.0
0;20361.0;14891;26;14890.0;49.0;0.0;0.0;14892;75;0.0;0.0;0.0;0.0;14891.5;0.0
0;20362.0;14892;70;0.0;0.0;0.0;0.0;14893;27;14894.0;43.0;0.0;0.0;14892.5;0.0
0;20363.0;14897;50;0.0;0.0;0.0;0.0;14899;50;0.0;0.0;0.0;0.0;14898.0;0.0
0;20364.0;14899;59;0.0;0.0;0.0;0.0;14900;59;0.0;0.0;0.0;0.0;14899.5;0.0
0;20365.0;14899;58;0.0;0.0;0.0;0.0;14900;15;14901.0;43.0;0.0;0.0;14899.5;0.0
0;20366.0;14894;66;0.0;0.0;0.0;0.0;14896;66;0.0;0.0;0.0;0.0;14895.0;0.0
0;20367.0;14895;61;0.0;0.0;0.0;0.0;14897;61;0.0;0.0;0.0;0.0;14896.0;0.0
0;20368.0;14890;49;0.0;0.0;0.0;0.0;14891;49;0.0;0.0;0.0;0.0;14890.5;0.0
0;20369.0;14886;56;0.0;0.0;0.0;0.0;14887;56;0.0;0.0;0.0;0.0;14886.5;0.0
0;20370.0;14888;53;0.0;0.0;0.0;0.0;14890;53;0.0;0.0;0.0;0.0;14889.0;0.0
0;20371.0;14890;62;0.0;0.0;0.0;0.0;14892;62;0.0;0.0;0.0;0.0;14891.0;0.0
0;20372.0;14890;70;0.0;0.0;0.0;0.0;14891;70;0.0;0.0;0.0;0.0;14890.5;0.0
0;20373.0;14885;69;0.0;0.0;0.0;0.0;14886;28;14887.0;41.0;0.0;0.0;14885.5;0.0
0;20374.0;14884;60;0.0;0.0;0.0;0.0;14885;25;14886.0;35.0;0.0;0.0;14884.5;0.0
0;20375.0;14882;78;0.0;0.0;0.0;0.0;14883;30;14884.0;48.0;0.0;0.0;14882.5;0.0
0;20376.0;14884;54;0.0;0.0;0.0;0.0;14885;54;0.0;0.0;0.0;0.0;14884.5;0.0
0;20377.0;14890;73;0.0;0.0;0.0;0.0;14892;73;0.0;0.0;0.0;0.0;14891.0;0.0
0;20378.0;14891;68;0.0;0.0;0.0;0.0;14892;68;0.0;0.0;0.0;0.0;14891.5;0.0
0;20379.0;14889;29;14888.0;33.0;0.0;0.0;14890;62;0.0;0.0;0.0;0.0;14889.5;0.0
0;20380.0;14885;59;0.0;0.0;0.0;0.0;14887;59;0.0;0.0;0.0;0.0;14886.0;0.0
0;20381.0;14885;61;0.0;0.0;0.0;0.0;14886;21;14887.0;40.0;0.0;0.0;14885.5;0.0
0;20382.0;14885;22;14884.0;31.0;0.0;0.0;14886;53;0.0;0.0;0.0;0.0;14885.5;0.0
0;20383.0;14881;57;0.0;0.0;0.0;0.0;14883;57;0.0;0.0;0.0;0.0;14882.0;0.0
0;20384.0;14882;15;14881.0;43.0;0.0;0.0;14883;58;0.0;0.0;0.0;0.0;14882.5;0.0
0;20385.0;14878;61;0.0;0.0;0.0;0.0;14880;61;0.0;0.0;0.0;0.0;14879.0;0.0
0;20386.0;14882;20;14881.0;36.0;0.0;0.0;14883;56;0.0;0.0;0.0;0.0;14882.5;0.0
0;20387.0;14885;15;14884.0;32.0;0.0;0.0;14886;47;0.0;0.0;0.0;0.0;14885.5;0.0
0;20388.0;14888;20;14887.0;50.0;0.0;0.0;14889;70;0.0;0.0;0.0;0.0;14888.5;0.0
0;20389.0;14886;54;0.0;0.0;0.0;0.0;14888;54;0.0;0.0;0.0;0.0;14887.0;0.0
0;20390.0;14888;19;14887.0;33.0;0.0;0.0;14889;52;0.0;0.0;0.0;0.0;14888.5;0.0
0;20391.0;14887;59;0.0;0.0;0.0;0.0;14889;59;0.0;0.0;0.0;0.0;14888.0;0.0
0;20392.0;14886;48;0.0;0.0;0.0;0.0;14887;16;14888.0;32.0;0.0;0.0;14886.5;0.0
0;20393.0;14885;66;0.0;0.0;0.0;0.0;14887;66;0.0;0.0;0.0;0.0;14886.0;0.0
0;20394.0;14882;16;14881.0;50.0;0.0;0.0;14883;66;0.0;0.0;0.0;0.0;14882.5;0.0
0;20395.0;14877;57;0.0;0.0;0.0;0.0;14879;57;0.0;0.0;0.0;0.0;14878.0;0.0
0;20396.0;14880;23;14879.0;44.0;0.0;0.0;14881;67;0.0;0.0;0.0;0.0;14880.5;0.0
0;20397.0;14879;56;0.0;0.0;0.0;0.0;14880;17;14881.0;39.0;0.0;0.0;14879.5;0.0
0;20398.0;14880;59;0.0;0.0;0.0;0.0;14881;59;0.0;0.0;0.0;0.0;14880.5;0.0
0;20399.0;14883;21;14882.0;50.0;0.0;0.0;14884;71;0.0;0.0;0.0;0.0;14883.5;0.0
0;20400.0;14878;14;14877.0;34.0;0.0;0.0;14879;54;0.0;0.0;0.0;0.0;14878.5;0.0
0;20401.0;14875;64;0.0;0.0;0.0;0.0;14877;64;0.0;0.0;0.0;0.0;14876.0;0.0
0;20402.0;14876;66;0.0;0.0;0.0;0.0;14877;66;0.0;0.0;0.0;0.0;14876.5;0.0
0;20403.0;14877;52;0.0;0.0;0.0;0.0;14878;21;14879.0;31.0;0.0;0.0;14877.5;0.0
0;20404.0;14876;71;0.0;0.0;0.0;0.0;14877;71;0.0;0.0;0.0;0.0;14876.5;0.0
0;20405.0;14879;65;0.0;0.0;0.0;0.0;14880;65;0.0;0.0;0.0;0.0;14879.5;0.0
0;20406.0;14879;56;0.0;0.0;0.0;0.0;14881;56;0.0;0.0;0.0;0.0;14880.0;0.0
0;20407.0;14876;61;0.0;0.0;0.0;0.0;14877;18;14878.0;43.0;0.0;0.0;14876.5;0.0
0;20408.0;14873;56;0.0;0.0;0.0;0.0;14874;8;14875.0;56.0;0.0;0.0;14873.5;0.0
0;20409.0;14876;29;14875.0;36.0;0.0;0.0;14877;65;0.0;0.0;0.0;0.0;14876.5;0.0
0;20410.0;14877;70;0.0;0.0;0.0;0.0;14878;70;0.0;0.0;0.0;0.0;14877.5;0.0
0;20411.0;14872;29;14871.0;47.0;0.0;0.0;14873;76;0.0;0.0;0.0;0.0;14872.5;0.0
0;20412.0;14875;53;0.0;0.0;0.0;0.0;14877;53;0.0;0.0;0.0;0.0;14876.0;0.0
0;20413.0;14877;59;0.0;0.0;0.0;0.0;14878;20;14879.0;48.0;0.0;0.0;14877.5;0.0
0;20414.0;14881;69;0.0;0.0;0.0;0.0;14882;69;0.0;0.0;0.0;0.0;14881.5;0.0
0;20415.0;14880;29;14879.0;37.0;0.0;0.0;14881;66;0.0;0.0;0.0;0.0;14880.5;0.0
0;20416.0;14879;57;0.0;0.0;0.0;0.0;14880;57;0.0;0.0;0.0;0.0;14879.5;0.0
0;20417.0;14876;24;14875.0;38.0;0.0;0.0;14877;62;0.0;0.0;0.0;0.0;14876.5;0.0
0;20418.0;14883;58;0.0;0.0;0.0;0.0;14884;58;0.0;0.0;0.0;0.0;14883.5;0.0
0;20419.0;14882;73;0.0;0.0;0.0;0.0;14884;73;0.0;0.0;0.0;0.0;14883.0;0.0
0;20420.0;14887;74;0.0;0.0;0.0;0.0;14888;74;0.0;0.0;0.0;0.0;14887.5;0.0
0;20421.0;14885;55;0.0;0.0;0.0;0.0;14886;55;0.0;0.0;0.0;0.0;14885.5;0.0
0;20422.0;14885;75;0.0;0.0;0.0;0.0;14887;75;0.0;0.0;0.0;0.0;14886.0;0.0
0;20423.0;14881;23;14880.0;42.0;0.0;0.0;14882;65;0.0;0.0;0.0;0.0;14881.5;0.0
0;20424.0;14880;21;14879.0;35.0;0.0;0.0;14881;56;0.0;0.0;0.0;0.0;14880.5;0.0
0;20425.0;14882;68;0.0;0.0;0.0;0.0;14884;68;0.0;0.0;0.0;0.0;14883.0;0.0
0;20426.0;14879;67;0.0;0.0;0.0;0.0;14880;67;0.0;0.0;0.0;0.0;14879.5;0.0
0;20427.0;14882;58;0.0;0.0;0.0;0.0;14883;58;0.0;0.0;0.0;0.0;14882.5;0.0
0;20428.0;14883;55;0.0;0.0;0.0;0.0;14884;55;0.0;0.0;0.0;0.0;14883.5;0.0
0;20429.0;14880;61;0.0;0.0;0.0;0.0;14881;61;0.0;0.0;0.0;0.0;14880.5;0.0
0;20430.0;14878;59;0.0;0.0;0.0;0.0;14880;59;0.0;0.0;0.0;0.0;14879.0;0.0
0;20431.0;14877;69;0.0;0.0;0.0;0.0;14878;21;14879.0;48.0;0.0;0.0;14877.5;0.0
0;20432.0;14877;72;0.0;0.0;0.0;0.0;14878;72;0.0;0.0;0.0;0.0;14877.5;0.0
0;20433.0;14875;65;0.0;0.0;0.0;0.0;14877;65;0.0;0.0;0.0;0.0;14876.0;0.0
0;20434.0;14873;61;0.0;0.0;0.0;0.0;14874;17;14875.0;44.0;0.0;0.0;14873.5;0.0
0;20435.0;14872;52;0.0;0.0;0.0;0.0;14873;21;14874.0;31.0;0.0;0.0;14872.5;0.0
0;20436.0;14869;61;0.0;0.0;0.0;0.0;14871;61;0.0;0.0;0.0;0.0;14870.0;0.0
0;20437.0;14866;19;14865.0;49.0;0.0;0.0;14867;68;0.0;0.0;0.0;0.0;14866.5;0.0
0;20438.0;14866;30;14865.0;34.0;0.0;0.0;14867;64;0.0;0.0;0.0;0.0;14866.5;0.0
0;20439.0;14868;49;0.0;0.0;0.0;0.0;14869;16;14870.0;33.0;0.0;0.0;14868.5;0.0
0;20440.0;14864;23;14863.0;48.0;0.0;0.0;14865;71;0.0;0.0;0.0;0.0;14864.5;0.0
0;20441.0;14864;25;14863.0;44.0;0.0;0.0;14865;69;0.0;0.0;0.0;0.0;14864.5;0.0
0;20442.0;14862;60;0.0;0.0;0.0;0.0;14863;60;0.0;0.0;0.0;0.0;14862.5;0.0
0;20443.0;14859;53;0.0;0.0;0.0;0.0;14860;22;14861.0;31.0;0.0;0.0;14859.5;0.0
0;20444.0;14861;75;0.0;0.0;0.0;0.0;14863;75;0.0;0.0;0.0;0.0;14862.0;0.0
0;20445.0;14860;70;0.0;0.0;0.0;0.0;14861;20;14862.0;50.0;0.0;0.0;14860.5;0.0
0;20446.0;14864;60;0.0;0.0;0.0;0.0;14866;60;0.0;0.0;0.0;0.0;14865.0;0.0
0;20447.0;14862;65;0.0;0.0;0.0;0.0;14863;20;14864.0;45.0;0.0;0.0;14862.5;0.0
0;20448.0;14863;65;0.0;0.0;0.0;0.0;14864;19;14865.0;46.0;0.0;0.0;14863.5;0.0
0;20449.0;14862;57;0.0;0.0;0.0;0.0;14864;57;0.0;0.0;0.0;0.0;14863.0;0.0
0;20450.0;14860;75;0.0;0.0;0.0;0.0;14862;75;0.0;0.0;0.0;0.0;14861.0;0.0
0;20451.0;14862;56;0.0;0.0;0.0;0.0;14863;56;0.0;0.0;0.0;0.0;14862.5;0.0
0;20452.0;14861;55;0.0;0.0;0.0;0.0;14863;55;0.0;0.0;0.0;0.0;14862.0;0.0
0;20453.0;14863;55;0.0;0.0;0.0;0.0;14864;23;14865.0;32.0;0.0;0.0;14863.5;0.0
0;20454.0;14863;64;0.0;0.0;0.0;0.0;14864;21;14865.0;43.0;0.0;0.0;14863.5;0.0
0;20455.0;14860;62;0.0;0.0;0.0;0.0;14861;62;0.0;0.0;0.0;0.0;14860.5;0.0
0;20456.0;14860;26;14859.0;41.0;0.0;0.0;14861;67;0.0;0.0;0.0;0.0;14860.5;0.0
0;20457.0;14860;75;0.0;0.0;0.0;0.0;14861;75;0.0;0.0;0.0;0.0;14860.5;0.0
0;20458.0;14862;70;0.0;0.0;0.0;0.0;14864;70;0.0;0.0;0.0;0.0;14863.0;0.0
0;20459.0;14860;60;0.0;0.0;0.0;0.0;14861;60;0.0;0.0;0.0;0.0;14860.5;0.0
0;20460.0;14860;68;0.0;0.0;0.0;0.0;14861;68;0.0;0.0;0.0;0.0;14860.5;0.0
0;20461.0;14855;63;0.0;0.0;0.0;0.0;14856;63;0.0;0.0;0.0;0.0;14855.5;0.0
0;20462.0;14857;64;0.0;0.0;0.0;0.0;14858;64;0.0;0.0;0.0;0.0;14857.5;0.0
0;20463.0;14854;70;0.0;0.0;0.0;0.0;14855;70;0.0;0.0;0.0;0.0;14854.5;0.0
0;20464.0;14849;25;14848.0;42.0;0.0;0.0;14850;67;0.0;0.0;0.0;0.0;14849.5;0.0
0;20465.0;14848;66;0.0;0.0;0.0;0.0;14850;66;0.0;0.0;0.0;0.0;14849.0;0.0
0;20466.0;14852;29;14851.0;41.0;0.0;0.0;14853;70;0.0;0.0;0.0;0.0;14852.5;0.0
0;20467.0;14847;58;0.0;0.0;0.0;0.0;14849;58;0.0;0.0;0.0;0.0;14848.0;0.0
0;20468.0;14844;60;0.0;0.0;0.0;0.0;14846;60;0.0;0.0;0.0;0.0;14845.0;0.0
0;20469.0;14842;53;0.0;0.0;0.0;0.0;14843;21;14844.0;32.0;0.0;0.0;14842.5;0.0
0;20470.0;14839;64;0.0;0.0;0.0;0.0;14840;64;0.0;0.0;0.0;0.0;14839.5;0.0
0;20471.0;14840;53;0.0;0.0;0.0;0.0;14841;30;14842.0;32.0;0.0;0.0;14840.5;0.0
0;20472.0;14838;19;14837.0;31.0;0.0;0.0;14839;50;0.0;0.0;0.0;0.0;14838.5;0.0
0;20473.0;14836;19;14835.0;44.0;0.0;0.0;14837;63;0.0;0.0;0.0;0.0;14836.5;0.0
0;20474.0;14837;56;0.0;0.0;0.0;0.0;14839;56;0.0;0.0;0.0;0.0;14838.0;0.0
0;20475.0;14835;56;0.0;0.0;0.0;0.0;14836;18;14837.0;38.0;0.0;0.0;14835.5;0.0
0;20476.0;14836;63;0.0;0.0;0.0;0.0;14838;63;0.0;0.0;0.0;0.0;14837.0;0.0
0;20477.0;14834;28;14833.0;41.0;0.0;0.0;14835;69;0.0;0.0;0.0;0.0;14834.5;0.0
0;20478.0;14830;62;0.0;0.0;0.0;0.0;14832;62;0.0;0.0;0.0;0.0;14831.0;0.0
0;20479.0;14825;70;0.0;0.0;0.0;0.0;14826;30;14827.0;40.0;0.0;0.0;14825.5;0.0
0;20480.0;14830;79;0.0;0.0;0.0;0.0;14832;79;0.0;0.0;0.0;0.0;14831.0;0.0
0;20481.0;14829;77;0.0;0.0;0.0;0.0;14831;77;0.0;0.0;0.0;0.0;14830.0;0.0
0;20482.0;14830;58;0.0;0.0;0.0;0.0;14831;24;14832.0;34.0;0.0;0.0;14830.5;0.0
0;20483.0;14830;58;0.0;0.0;0.0;0.0;14831;58;0.0;0.0;0.0;0.0;14830.5;0.0
0;20484.0;14831;8;14830.0;76.0;0.0;0.0;14832;76;0.0;0.0;0.0;0.0;14831.5;0.0
0;20485.0;14831;30;14830.0;42.0;0.0;0.0;14832;72;0.0;0.0;0.0;0.0;14831.5;0.0
0;20486.0;14836;53;0.0;0.0;0.0;0.0;14837;53;0.0;0.0;0.0;0.0;14836.5;0.0
0;20487.0;14833;54;0.0;0.0;0.0;0.0;14834;54;0.0;0.0;0.0;0.0;14833.5;0.0
0;20488.0;14829;22;14828.0;33.0;0.0;0.0;14830;55;0.0;0.0;0.0;0.0;14829.5;0.0
0;20489.0;14826;27;14825.0;43.0;0.0;0.0;14827;70;0.0;0.0;0.0;0.0;14826.5;0.0
0;20490.0;14822;66;0.0;0.0;0.0;0.0;14823;66;0.0;0.0;0.0;0.0;14822.5;0.0
0;20491.0;14824;75;0.0;0.0;0.0;0.0;14825;25;14826.0;50.0;0.0;0.0;14824.5;0.0
0;20492.0;14826;67;0.0;0.0;0.0;0.0;14828;67;0.0;0.0;0.0;0.0;14827.0;0.0
0;20493.0;14824;18;14823.0;32.0;0.0;0.0;14825;50;0.0;0.0;0.0;0.0;14824.5;0.0
0;20494.0;14820;19;14819.0;47.0;0.0;0.0;14821;66;0.0;0.0;0.0;0.0;14820.5;0.0
0;20495.0;14819;27;14818.0;31.0;0.0;0.0;14820;58;0.0;0.0;0.0;0.0;14819.5;0.0
0;20496.0;14823;25;14822.0;46.0;0.0;0.0;14824;71;0.0;0.0;0.0;0.0;14823.5;0.0
0;20497.0;14815;19;14814.0;48.0;0.0;0.0;14816;67;0.0;0.0;0.0;0.0;14815.5;0.0
0;20498.0;14816;60;0.0;0.0;0.0;0.0;14817;24;14818.0;36.0;0.0;0.0;14816.5;0.0
0;20499.0;14813;80;0.0;0.0;0.0;0.0;14814;30;14815.0;50.0;0.0;0.0;14813.5;0.0
0;20500.0;14816;55;0.0;0.0;0.0;0.0;14817;22;14818.0;33.0;0.0;0.0;14816.5;0.0
0;20501.0;14813;57;0.0;0.0;0.0;0.0;14814;20;14815.0;37.0;0.0;0.0;14813.5;0.0
0;20502.0;14812;55;0.0;0.0;0.0;0.0;14813;15;14814.0;40.0;0.0;0.0;14812.5;0.0
0;20503.0;14808;71;0.0;0.0;0.0;0.0;14809;71;0.0;0.0;0.0;0.0;14808.5;0.0
0;20504.0;14805;63;0.0;0.0;0.0;0.0;14807;70;0.0;0.0;0.0;0.0;14806.0;0.0
0;20505.0;14809;70;0.0;0.0;0.0;0.0;14810;22;14811.0;48.0;0.0;0.0;14809.5;0.0
0;20506.0;14811;54;0.0;0.0;0.0;0.0;14813;54;0.0;0.0;0.0;0.0;14812.0;0.0
0;20507.0;14810;63;0.0;0.0;0.0;0.0;14812;63;0.0;0.0;0.0;0.0;14811.0;0.0
0;20508.0;14808;61;0.0;0.0;0.0;0.0;14809;61;0.0;0.0;0.0;0.0;14808.5;0.0
0;20509.0;14802;62;0.0;0.0;0.0;0.0;14804;62;0.0;0.0;0.0;0.0;14803.0;0.0
0;20510.0;14801;52;0.0;0.0;0.0;0.0;14803;52;0.0;0.0;0.0;0.0;14802.0;0.0
0;20511.0;14801;61;0.0;0.0;0.0;0.0;14803;61;0.0;0.0;0.0;0.0;14802.0;0.0
0;20512.0;14801;58;0.0;0.0;0.0;0.0;14802;15;14803.0;43.0;0.0;0.0;14801.5;0.0
0;20513.0;14801;60;0.0;0.0;0.0;0.0;14802;60;0.0;0.0;0.0;0.0;14801.5;0.0
0;20514.0;14798;25;14797.0;48.0;0.0;0.0;14799;73;0.0;0.0;0.0;0.0;14798.5;0.0
0;20515.0;14797;50;0.0;0.0;0.0;0.0;14799;50;0.0;0.0;0.0;0.0;14798.0;0.0
0;20516.0;14797;48;0.0;0.0;0.0;0.0;14799;48;0.0;0.0;0.0;0.0;14798.0;0.0
0;20517.0;14801;56;0.0;0.0;0.0;0.0;14802;56;0.0;0.0;0.0;0.0;14801.5;0.0
0;20518.0;14806;63;0.0;0.0;0.0;0.0;14807;21;14808.0;42.0;0.0;0.0;14806.5;0.0
0;20519.0;14806;21;14805.0;49.0;0.0;0.0;14807;70;0.0;0.0;0.0;0.0;14806.5;0.0
0;20520.0;14804;19;14803.0;31.0;0.0;0.0;14805;50;0.0;0.0;0.0;0.0;14804.5;0.0
0;20521.0;14803;67;0.0;0.0;0.0;0.0;14805;67;0.0;0.0;0.0;0.0;14804.0;0.0
0;20522.0;14802;28;14801.0;43.0;0.0;0.0;14803;71;0.0;0.0;0.0;0.0;14802.5;0.0
0;20523.0;14800;23;14799.0;35.0;0.0;0.0;14801;58;0.0;0.0;0.0;0.0;14800.5;0.0
0;20524.0;14800;6;14799.0;54.0;0.0;0.0;14801;54;0.0;0.0;0.0;0.0;14800.5;0.0
0;20525.0;14796;57;0.0;0.0;0.0;0.0;14798;57;0.0;0.0;0.0;0.0;14797.0;0.0
0;20526.0;14798;55;0.0;0.0;0.0;0.0;14799;20;14800.0;35.0;0.0;0.0;14798.5;0.0
0;20527.0;14798;47;0.0;0.0;0.0;0.0;14799;47;0.0;0.0;0.0;0.0;14798.5;0.0
0;20528.0;14799;20;14798.0;49.0;0.0;0.0;14800;69;0.0;0.0;0.0;0.0;14799.5;0.0
0;20529.0;14798;59;0.0;0.0;0.0;0.0;14799;17;14800.0;42.0;0.0;0.0;14798.5;0.0
0;20530.0;14796;69;0.0;0.0;0.0;0.0;14797;69;0.0;0.0;0.0;0.0;14796.5;0.0
0;20531.0;14793;72;0.0;0.0;0.0;0.0;14795;72;0.0;0.0;0.0;0.0;14794.0;0.0
0;20532.0;14793;30;14792.0;36.0;0.0;0.0;14794;66;0.0;0.0;0.0;0.0;14793.5;0.0
0;20533.0;14791;67;0.0;0.0;0.0;0.0;14792;27;14793.0;40.0;0.0;0.0;14791.5;0.0
0;20534.0;14792;29;14791.0;47.0;0.0;0.0;14793;76;0.0;0.0;0.0;0.0;14792.5;0.0
0;20535.0;14792;30;14791.0;45.0;0.0;0.0;14793;75;0.0;0.0;0.0;0.0;14792.5;0.0
0;20536.0;14788;64;0.0;0.0;0.0;0.0;14789;64;0.0;0.0;0.0;0.0;14788.5;0.0
0;20537.0;14788;53;0.0;0.0;0.0;0.0;14789;23;14790.0;30.0;0.0;0.0;14788.5;0.0
0;20538.0;14784;66;0.0;0.0;0.0;0.0;14786;66;0.0;0.0;0.0;0.0;14785.0;0.0
0;20539.0;14783;15;14782.0;40.0;0.0;0.0;14784;55;0.0;0.0;0.0;0.0;14783.5;0.0
0;20540.0;14782;73;0.0;0.0;0.0;0.0;14783;73;0.0;0.0;0.0;0.0;14782.5;0.0
0;20541.0;14776;52;0.0;0.0;0.0;0.0;14777;52;0.0;0.0;0.0;0.0;14776.5;0.0
0;20542.0;14776;69;0.0;0.0;0.0;0.0;14777;30;14778.0;39.0;0.0;0.0;14776.5;0.0
0;20543.0;14777;27;14776.0;34.0;0.0;0.0;14778;61;0.0;0.0;0.0;0.0;14777.5;0.0
0;20544.0;14776;77;0.0;0.0;0.0;0.0;14777;30;14778.0;47.0;0.0;0.0;14776.5;0.0
0;20545.0;14775;64;0.0;0.0;0.0;0.0;14776;64;0.0;0.0;0.0;0.0;14775.5;0.0
0;20546.0;14774;60;0.0;0.0;0.0;0.0;14775;60;0.0;0.0;0.0;0.0;14774.5;0.0
0;20547.0;14771;45;0.0;0.0;0.0;0.0;14772;15;14773.0;30.0;0.0;0.0;14771.5;0.0
0;20548.0;14770;68;0.0;0.0;0.0;0.0;14772;68;0.0;0.0;0.0;0.0;14771.0;0.0
0;20549.0;14769;79;0.0;0.0;0.0;0.0;14770;79;0.0;0.0;0.0;0.0;14769.5;0.0
0;20550.0;14769;72;0.0;0.0;0.0;0.0;14770;23;14771.0;49.0;0.0;0.0;14769.5;0.0
0;20551.0;14766;25;14765.0;48.0;0.0;0.0;14767;73;0.0;0.0;0.0;0.0;14766.5;0.0
0;20552.0;14766;61;0.0;0.0;0.0;0.0;14768;61;0.0;0.0;0.0;0.0;14767.0;0.0
0;20553.0;14767;17;14766.0;45.0;0.0;0.0;14768;62;0.0;0.0;0.0;0.0;14767.5;0.0
0;20554.0;14766;59;0.0;0.0;0.0;0.0;14768;59;0.0;0.0;0.0;0.0;14767.0;0.0
0;20555.0;14765;62;0.0;0.0;0.0;0.0;14766;26;14767.0;36.0;0.0;0.0;14765.5;0.0
0;20556.0;14767;19;14766.0;39.0;0.0;0.0;14768;58;0.0;0.0;0.0;0.0;14767.5;0.0
0;20557.0;14762;66;0.0;0.0;0.0;0.0;14763;66;0.0;0.0;0.0;0.0;14762.5;0.0
0;20558.0;14763;48;0.0;0.0;0.0;0.0;14765;48;0.0;0.0;0.0;0.0;14764.0;0.0
0;20559.0;14764;63;0.0;0.0;0.0;0.0;14765;63;0.0;0.0;0.0;0.0;14764.5;0.0
0;20560.0;14765;17;14764.0;49.0;0.0;0.0;14766;66;0.0;0.0;0.0;0.0;14765.5;0.0
0;20561.0;14766;62;0.0;0.0;0.0;0.0;14767;62;0.0;0.0;0.0;0.0;14766.5;0.0
0;20562.0;14764;62;0.0;0.0;0.0;0.0;14765;62;0.0;0.0;0.0;0.0;14764.5;0.0
0;20563.0;14763;61;0.0;0.0;0.0;0.0;14764;23;14765.0;38.0;0.0;0.0;14763.5;0.0
0;20564.0;14765;68;0.0;0.0;0.0;0.0;14766;68;0.0;0.0;0.0;0.0;14765.5;0.0
0;20565.0;14766;47;0.0;0.0;0.0;0.0;14767;16;14768.0;31.0;0.0;0.0;14766.5;0.0
0;20566.0;14767;15;14766.0;39.0;0.0;0.0;14768;54;0.0;0.0;0.0;0.0;14767.5;0.0
0;20567.0;14762;56;0.0;0.0;0.0;0.0;14764;56;0.0;0.0;0.0;0.0;14763.0;0.0
0;20568.0;14764;65;0.0;0.0;0.0;0.0;14765;65;0.0;0.0;0.0;0.0;14764.5;0.0
0;20569.0;14767;53;0.0;0.0;0.0;0.0;14768;17;14769.0;36.0;0.0;0.0;14767.5;0.0
0;20570.0;14770;63;0.0;0.0;0.0;0.0;14771;30;14772.0;33.0;0.0;0.0;14770.5;0.0
0;20571.0;14771;17;14770.0;30.0;0.0;0.0;14772;47;0.0;0.0;0.0;0.0;14771.5;0.0
0;20572.0;14766;69;0.0;0.0;0.0;0.0;14768;69;0.0;0.0;0.0;0.0;14767.0;0.0
0;20573.0;14769;58;0.0;0.0;0.0;0.0;14770;58;0.0;0.0;0.0;0.0;14769.5;0.0
0;20574.0;14768;51;0.0;0.0;0.0;0.0;14770;51;0.0;0.0;0.0;0.0;14769.0;0.0
0;20575.0;14761;67;0.0;0.0;0.0;0.0;14763;67;0.0;0.0;0.0;0.0;14762.0;0.0
0;20576.0;14762;65;0.0;0.0;0.0;0.0;14764;65;0.0;0.0;0.0;0.0;14763.0;0.0
0;20577.0;14758;64;0.0;0.0;0.0;0.0;14760;64;0.0;0.0;0.0;0.0;14759.0;0.0
0;20578.0;14755;17;14754.0;34.0;0.0;0.0;14756;51;0.0;0.0;0.0;0.0;14755.5;0.0
0;20579.0;14753;57;0.0;0.0;0.0;0.0;14754;57;0.0;0.0;0.0;0.0;14753.5;0.0
0;20580.0;14756;54;0.0;0.0;0.0;0.0;14758;54;0.0;0.0;0.0;0.0;14757.0;0.0
0;20581.0;14755;63;0.0;0.0;0.0;0.0;14757;63;0.0;0.0;0.0;0.0;14756.0;0.0
0;20582.0;14756;57;0.0;0.0;0.0;0.0;14757;17;14758.0;40.0;0.0;0.0;14756.5;0.0
0;20583.0;14761;64;0.0;0.0;0.0;0.0;14762;64;0.0;0.0;0.0;0.0;14761.5;0.0
0;20584.0;14765;66;0.0;0.0;0.0;0.0;14767;66;0.0;0.0;0.0;0.0;14766.0;0.0
0;20585.0;14765;70;0.0;0.0;0.0;0.0;14766;25;14767.0;45.0;0.0;0.0;14765.5;0.0
0;20586.0;14764;74;0.0;0.0;0.0;0.0;14766;74;0.0;0.0;0.0;0.0;14765.0;0.0
0;20587.0;14761;61;0.0;0.0;0.0;0.0;14762;61;0.0;0.0;0.0;0.0;14761.5;0.0
0;20588.0;14759;63;0.0;0.0;0.0;0.0;14760;63;0.0;0.0;0.0;0.0;14759.5;0.0
0;20589.0;14760;74;0.0;0.0;0.0;0.0;14761;28;14762.0;46.0;0.0;0.0;14760.5;0.0
0;20590.0;14761;61;0.0;0.0;0.0;0.0;14762;27;14763.0;34.0;0.0;0.0;14761.5;0.0
0;20591.0;14761;71;0.0;0.0;0.0;0.0;14763;71;0.0;0.0;0.0;0.0;14762.0;0.0
0;20592.0;14764;63;0.0;0.0;0.0;0.0;14766;63;0.0;0.0;0.0;0.0;14765.0;0.0
0;20593.0;14762;54;0.0;0.0;0.0;0.0;14763;20;14764.0;34.0;0.0;0.0;14762.5;0.0
0;20594.0;14762;77;0.0;0.0;0.0;0.0;14763;77;0.0;0.0;0.0;0.0;14762.5;0.0
0;20595.0;14764;64;0.0;0.0;0.0;0.0;14765;64;0.0;0.0;0.0;0.0;14764.5;0.0
0;20596.0;14766;18;14765.0;36.0;0.0;0.0;14767;54;0.0;0.0;0.0;0.0;14766.5;0.0
0;20597.0;14769;28;14768.0;44.0;0.0;0.0;14770;72;0.0;0.0;0.0;0.0;14769.5;0.0
0;20598.0;14770;27;14769.0;33.0;0.0;0.0;14771;60;0.0;0.0;0.0;0.0;14770.5;0.0
0;20599.0;14769;49;0.0;0.0;0.0;0.0;14770;49;0.0;0.0;0.0;0.0;14769.5;0.0
0;20600.0;14770;64;0.0;0.0;0.0;0.0;14771;64;0.0;0.0;0.0;0.0;14770.5;0.0
0;20601.0;14767;68;0.0;0.0;0.0;0.0;14768;68;0.0;0.0;0.0;0.0;14767.5;0.0
0;20602.0;14762;76;0.0;0.0;0.0;0.0;14764;76;0.0;0.0;0.0;0.0;14763.0;0.0
0;20603.0;14764;58;0.0;0.0;0.0;0.0;14765;21;14766.0;37.0;0.0;0.0;14764.5;0.0
0;20604.0;14764;47;0.0;0.0;0.0;0.0;14765;47;0.0;0.0;0.0;0.0;14764.5;0.0
0;20605.0;14765;19;14764.0;42.0;0.0;0.0;14766;61;0.0;0.0;0.0;0.0;14765.5;0.0
0;20606.0;14760;58;0.0;0.0;0.0;0.0;14761;58;0.0;0.0;0.0;0.0;14760.5;0.0
0;20607.0;14759;69;0.0;0.0;0.0;0.0;14760;69;0.0;0.0;0.0;0.0;14759.5;0.0
0;20608.0;14757;61;0.0;0.0;0.0;0.0;14759;61;0.0;0.0;0.0;0.0;14758.0;0.0
0;20609.0;14755;77;0.0;0.0;0.0;0.0;14756;77;0.0;0.0;0.0;0.0;14755.5;0.0
0;20610.0;14748;64;0.0;0.0;0.0;0.0;14750;64;0.0;0.0;0.0;0.0;14749.0;0.0
0;20611.0;14748;18;14747.0;43.0;0.0;0.0;14749;61;0.0;0.0;0.0;0.0;14748.5;0.0
0;20612.0;14750;55;0.0;0.0;0.0;0.0;14751;24;14752.0;31.0;0.0;0.0;14750.5;0.0
0;20613.0;14751;70;0.0;0.0;0.0;0.0;14752;22;14753.0;48.0;0.0;0.0;14751.5;0.0
0;20614.0;14749;75;0.0;0.0;0.0;0.0;14751;75;0.0;0.0;0.0;0.0;14750.0;0.0
0;20615.0;14749;54;0.0;0.0;0.0;0.0;14751;54;0.0;0.0;0.0;0.0;14750.0;0.0
0;20616.0;14751;57;0.0;0.0;0.0;0.0;14753;57;0.0;0.0;0.0;0.0;14752.0;0.0
0;20617.0;14744;55;0.0;0.0;0.0;0.0;14745;55;0.0;0.0;0.0;0.0;14744.5;0.0
0;20618.0;14743;57;0.0;0.0;0.0;0.0;14745;57;0.0;0.0;0.0;0.0;14744.0;0.0
0;20619.0;14745;58;0.0;0.0;0.0;0.0;14746;58;0.0;0.0;0.0;0.0;14745.5;0.0
0;20620.0;14747;65;0.0;0.0;0.0;0.0;14748;65;0.0;0.0;0.0;0.0;14747.5;0.0
0;20621.0;14752;30;14751.0;46.0;0.0;0.0;14753;76;0.0;0.0;0.0;0.0;14752.5;0.0
0;20622.0;14755;16;14754.0;31.0;0.0;0.0;14756;47;0.0;0.0;0.0;0.0;14755.5;0.0
0;20623.0;14756;27;14755.0;45.0;0.0;0.0;14757;72;0.0;0.0;0.0;0.0;14756.5;0.0
0;20624.0;14756;51;0.0;0.0;0.0;0.0;14758;51;0.0;0.0;0.0;0.0;14757.0;0.0
0;20625.0;14759;26;14758.0;30.0;0.0;0.0;14760;56;0.0;0.0;0.0;0.0;14759.5;0.0
0;20626.0;14757;61;0.0;0.0;0.0;0.0;14758;17;14759.0;44.0;0.0;0.0;14757.5;0.0
0;20627.0;14757;56;0.0;0.0;0.0;0.0;14758;56;0.0;0.0;0.0;0.0;14757.5;0.0
0;20628.0;14759;62;0.0;0.0;0.0;0.0;14761;62;0.0;0.0;0.0;0.0;14760.0;0.0
0;20629.0;14765;65;0.0;0.0;0.0;0.0;14766;65;0.0;0.0;0.0;0.0;14765.5;0.0
0;20630.0;14764;65;0.0;0.0;0.0;0.0;14766;65;0.0;0.0;0.0;0.0;14765.0;0.0
0;20631.0;14764;78;0.0;0.0;0.0;0.0;14766;78;0.0;0.0;0.0;0.0;14765.0;0.0
0;20632.0;14765;46;0.0;0.0;0.0;0.0;14766;46;0.0;0.0;0.0;0.0;14765.5;0.0
0;20633.0;14769;26;14768.0;31.0;0.0;0.0;14770;57;0.0;0.0;0.0;0.0;14769.5;0.0
0;20634.0;14768;79;0.0;0.0;0.0;0.0;14770;79;0.0;0.0;0.0;0.0;14769.0;0.0
0;20635.0;14773;19;14772.0;35.0;0.0;0.0;14774;54;0.0;0.0;0.0;0.0;14773.5;0.0
0;20636.0;14770;58;0.0;0.0;0.0;0.0;14771;58;0.0;0.0;0.0;0.0;14770.5;0.0
0;20637.0;14769;63;0.0;0.0;0.0;0.0;14771;63;0.0;0.0;0.0;0.0;14770.0;0.0
0;20638.0;14769;68;0.0;0.0;0.0;0.0;14770;68;0.0;0.0;0.0;0.0;14769.5;0.0
0;20639.0;14771;54;0.0;0.0;0.0;0.0;14772;54;0.0;0.0;0.0;0.0;14771.5;0.0
0;20640.0;14774;76;0.0;0.0;0.0;0.0;14775;76;0.0;0.0;0.0;0.0;14774.5;0.0
0;20641.0;14770;25;14769.0;44.0;0.0;0.0;14771;69;0.0;0.0;0.0;0.0;14770.5;0.0
0;20642.0;14767;67;0.0;0.0;0.0;0.0;14768;19;14769.0;48.0;0.0;0.0;14767.5;0.0
0;20643.0;14768;60;0.0;0.0;0.0;0.0;14769;60;0.0;0.0;0.0;0.0;14768.5;0.0
0;20644.0;14766;72;0.0;0.0;0.0;0.0;14767;26;14768.0;46.0;0.0;0.0;14766.5;0.0
0;20645.0;14762;59;0.0;0.0;0.0;0.0;14763;59;0.0;0.0;0.0;0.0;14762.5;0.0
0;20646.0;14765;66;0.0;0.0;0.0;0.0;14766;66;0.0;0.0;0.0;0.0;14765.5;0.0
0;20647.0;14766;54;0.0;0.0;0.0;0.0;14767;20;14768.0;34.0;0.0;0.0;14766.5;0.0
0;20648.0;14767;52;0.0;0.0;0.0;0.0;14769;52;0.0;0.0;0.0;0.0;14768.0;0.0
0;20649.0;14766;75;0.0;0.0;0.0;0.0;14767;28;14768.0;42.0;0.0;0.0;14766.5;0.0
0;20650.0;14769;60;0.0;0.0;0.0;0.0;14770;29;14771.0;31.0;0.0;0.0;14769.5;0.0
0;20651.0;14768;68;0.0;0.0;0.0;0.0;14770;68;0.0;0.0;0.0;0.0;14769.0;0.0
0;20652.0;14771;77;0.0;0.0;0.0;0.0;14773;77;0.0;0.0;0.0;0.0;14772.0;0.0
0;20653.0;14769;56;0.0;0.0;0.0;0.0;14770;56;0.0;0.0;0.0;0.0;14769.5;0.0
0;20654.0;14766;59;0.0;0.0;0.0;0.0;14768;59;0.0;0.0;0.0;0.0;14767.0;0.0
0;20655.0;14767;69;0.0;0.0;0.0;0.0;14768;63;0.0;0.0;0.0;0.0;14767.5;0.0
0;20656.0;14765;51;0.0;0.0;0.0;0.0;14766;17;14767.0;34.0;0.0;0.0;14765.5;0.0
0;20657.0;14767;77;0.0;0.0;0.0;0.0;14768;77;0.0;0.0;0.0;0.0;14767.5;0.0
0;20658.0;14768;27;14767.0;35.0;0.0;0.0;14769;62;0.0;0.0;0.0;0.0;14768.5;0.0
0;20659.0;14765;73;0.0;0.0;0.0;0.0;14766;25;14767.0;48.0;0.0;0.0;14765.5;0.0
0;20660.0;14765;58;0.0;0.0;0.0;0.0;14766;17;14767.0;41.0;0.0;0.0;14765.5;0.0
0;20661.0;14764;57;0.0;0.0;0.0;0.0;14766;57;0.0;0.0;0.0;0.0;14765.0;0.0
0;20662.0;14767;66;0.0;0.0;0.0;0.0;14768;66;0.0;0.0;0.0;0.0;14767.5;0.0
0;20663.0;14765;65;0.0;0.0;0.0;0.0;14766;65;0.0;0.0;0.0;0.0;14765.5;0.0
0;20664.0;14764;60;0.0;0.0;0.0;0.0;14765;60;0.0;0.0;0.0;0.0;14764.5;0.0
0;20665.0;14767;66;0.0;0.0;0.0;0.0;14768;26;14769.0;40.0;0.0;0.0;14767.5;0.0
0;20666.0;14773;67;0.0;0.0;0.0;0.0;14775;67;0.0;0.0;0.0;0.0;14774.0;0.0
0;20667.0;14779;60;0.0;0.0;0.0;0.0;14780;60;0.0;0.0;0.0;0.0;14779.5;0.0
0;20668.0;14779;54;0.0;0.0;0.0;0.0;14780;21;14781.0;33.0;0.0;0.0;14779.5;0.0
0;20669.0;14780;18;14779.0;39.0;0.0;0.0;14781;57;0.0;0.0;0.0;0.0;14780.5;0.0
0;20670.0;14784;59;0.0;0.0;0.0;0.0;14785;59;0.0;0.0;0.0;0.0;14784.5;0.0
0;20671.0;14784;26;14783.0;32.0;0.0;0.0;14785;58;0.0;0.0;0.0;0.0;14784.5;0.0
0;20672.0;14781;56;0.0;0.0;0.0;0.0;14782;56;0.0;0.0;0.0;0.0;14781.5;0.0
0;20673.0;14781;58;0.0;0.0;0.0;0.0;14782;22;14783.0;36.0;0.0;0.0;14781.5;0.0
0;20674.0;14782;56;0.0;0.0;0.0;0.0;14784;56;0.0;0.0;0.0;0.0;14783.0;0.0
0;20675.0;14780;53;0.0;0.0;0.0;0.0;14781;22;14782.0;31.0;0.0;0.0;14780.5;0.0
0;20676.0;14775;65;0.0;0.0;0.0;0.0;14777;65;0.0;0.0;0.0;0.0;14776.0;0.0
0;20677.0;14771;71;0.0;0.0;0.0;0.0;14773;71;0.0;0.0;0.0;0.0;14772.0;0.0
0;20678.0;14773;74;0.0;0.0;0.0;0.0;14775;74;0.0;0.0;0.0;0.0;14774.0;0.0
0;20679.0;14771;73;0.0;0.0;0.0;0.0;14772;28;14773.0;45.0;0.0;0.0;14771.5;0.0
0;20680.0;14771;55;0.0;0.0;0.0;0.0;14772;55;0.0;0.0;0.0;0.0;14771.5;0.0
0;20681.0;14771;60;0.0;0.0;0.0;0.0;14773;60;0.0;0.0;0.0;0.0;14772.0;0.0
0;20682.0;14773;54;0.0;0.0;0.0;0.0;14774;24;14775.0;30.0;0.0;0.0;14773.5;0.0
0;20683.0;14772;59;0.0;0.0;0.0;0.0;14773;22;14774.0;37.0;0.0;0.0;14772.5;0.0
0;20684.0;14774;15;14773.0;43.0;0.0;0.0;14775;58;0.0;0.0;0.0;0.0;14774.5;0.0
0;20685.0;14771;65;0.0;0.0;0.0;0.0;14772;23;14773.0;42.0;0.0;0.0;14771.5;0.0
0;20686.0;14770;61;0.0;0.0;0.0;0.0;14771;22;14772.0;39.0;0.0;0.0;14770.5;0.0
0;20687.0;14767;56;0.0;0.0;0.0;0.0;14768;22;14769.0;34.0;0.0;0.0;14767.5;0.0
0;20688.0;14770;65;0.0;0.0;0.0;0.0;14772;65;0.0;0.0;0.0;0.0;14771.0;0.0
0;20689.0;14770;55;0.0;0.0;0.0;0.0;14771;22;14772.0;33.0;0.0;0.0;14770.5;0.0
0;20690.0;14768;61;0.0;0.0;0.0;0.0;14769;19;14770.0;42.0;0.0;0.0;14768.5;0.0
0;20691.0;14767;56;0.0;0.0;0.0;0.0;14768;26;14769.0;30.0;0.0;0.0;14767.5;0.0
0;20692.0;14766;60;0.0;0.0;0.0;0.0;14768;60;0.0;0.0;0.0;0.0;14767.0;0.0
0;20693.0;14768;72;0.0;0.0;0.0;0.0;14770;72;0.0;0.0;0.0;0.0;14769.0;0.0
0;20694.0;14764;55;0.0;0.0;0.0;0.0;14765;55;0.0;0.0;0.0;0.0;14764.5;0.0
0;20695.0;14761;46;0.0;0.0;0.0;0.0;14762;16;14763.0;30.0;0.0;0.0;14761.5;0.0
0;20696.0;14760;62;0.0;0.0;0.0;0.0;14761;16;14762.0;46.0;0.0;0.0;14760.5;0.0
0;20697.0;14767;65;0.0;0.0;0.0;0.0;14768;18;14769.0;47.0;0.0;0.0;14767.5;0.0
0;20698.0;14770;29;14769.0;32.0;0.0;0.0;14771;61;0.0;0.0;0.0;0.0;14770.5;0.0
0;20699.0;14769;65;0.0;0.0;0.0;0.0;14771;65;0.0;0.0;0.0;0.0;14770.0;0.0
0;20700.0;14771;49;0.0;0.0;0.0;0.0;14773;49;0.0;0.0;0.0;0.0;14772.0;0.0
0;20701.0;14777;65;0.0;0.0;0.0;0.0;14778;22;14779.0;43.0;0.0;0.0;14777.5;0.0
0;20702.0;14776;49;0.0;0.0;0.0;0.0;14778;49;0.0;0.0;0.0;0.0;14777.0;0.0
0;20703.0;14775;63;0.0;0.0;0.0;0.0;14777;63;0.0;0.0;0.0;0.0;14776.0;0.0
0;20704.0;14779;62;0.0;0.0;0.0;0.0;14780;62;0.0;0.0;0.0;0.0;14779.5;0.0
0;20705.0;14780;74;0.0;0.0;0.0;0.0;14781;29;14782.0;45.0;0.0;0.0;14780.5;0.0
0;20706.0;14782;74;0.0;0.0;0.0;0.0;14783;29;14784.0;45.0;0.0;0.0;14782.5;0.0
0;20707.0;14781;30;14780.0;36.0;0.0;0.0;14782;66;0.0;0.0;0.0;0.0;14781.5;0.0
0;20708.0;14786;71;0.0;0.0;0.0;0.0;14787;71;0.0;0.0;0.0;0.0;14786.5;0.0
0;20709.0;14791;27;14790.0;40.0;0.0;0.0;14792;67;0.0;0.0;0.0;0.0;14791.5;0.0
0;20710.0;14792;58;0.0;0.0;0.0;0.0;14794;58;0.0;0.0;0.0;0.0;14793.0;0.0
0;20711.0;14794;53;0.0;0.0;0.0;0.0;14795;17;14796.0;36.0;0.0;0.0;14794.5;0.0
0;20712.0;14789;26;14788.0;32.0;0.0;0.0;14790;58;0.0;0.0;0.0;0.0;14789.5;0.0
0;20713.0;14790;63;0.0;0.0;0.0;0.0;14792;63;0.0;0.0;0.0;0.0;14791.0;0.0
0;20714.0;14790;47;0.0;0.0;0.0;0.0;14791;47;0.0;0.0;0.0;0.0;14790.5;0.0
0;20715.0;14791;63;0.0;0.0;0.0;0.0;14792;63;0.0;0.0;0.0;0.0;14791.5;0.0
0;20716.0;14793;65;0.0;0.0;0.0;0.0;14794;65;0.0;0.0;0.0;0.0;14793.5;0.0
0;20717.0;14792;62;0.0;0.0;0.0;0.0;14793;62;0.0;0.0;0.0;0.0;14792.5;0.0
0;20718.0;14787;58;0.0;0.0;0.0;0.0;14788;24;14789.0;34.0;0.0;0.0;14787.5;0.0
0;20719.0;14788;62;0.0;0.0;0.0;0.0;14789;30;14790.0;32.0;0.0;0.0;14788.5;0.0
0;20720.0;14786;53;0.0;0.0;0.0;0.0;14787;19;14788.0;34.0;0.0;0.0;14786.5;0.0
0;20721.0;14785;65;0.0;0.0;0.0;0.0;14786;29;14787.0;36.0;0.0;0.0;14785.5;0.0
0;20722.0;14783;57;0.0;0.0;0.0;0.0;14785;57;0.0;0.0;0.0;0.0;14784.0;0.0
0;20723.0;14782;75;0.0;0.0;0.0;0.0;14784;75;0.0;0.0;0.0;0.0;14783.0;0.0
0;20724.0;14776;66;0.0;0.0;0.0;0.0;14777;28;14778.0;38.0;0.0;0.0;14776.5;0.0
0;20725.0;14779;78;0.0;0.0;0.0;0.0;14781;78;0.0;0.0;0.0;0.0;14780.0;0.0
0;20726.0;14780;73;0.0;0.0;0.0;0.0;14781;30;14782.0;43.0;0.0;0.0;14780.5;0.0
0;20727.0;14783;69;0.0;0.0;0.0;0.0;14784;23;14785.0;46.0;0.0;0.0;14783.5;0.0
0;20728.0;14789;26;14788.0;33.0;0.0;0.0;14790;59;0.0;0.0;0.0;0.0;14789.5;0.0
0;20729.0;14789;58;0.0;0.0;0.0;0.0;14790;58;0.0;0.0;0.0;0.0;14789.5;0.0
0;20730.0;14784;26;14783.0;44.0;0.0;0.0;14785;70;0.0;0.0;0.0;0.0;14784.5;0.0
0;20731.0;14781;63;0.0;0.0;0.0;0.0;14782;25;14783.0;38.0;0.0;0.0;14781.5;0.0
0;20732.0;14778;75;0.0;0.0;0.0;0.0;14779;75;0.0;0.0;0.0;0.0;14778.5;0.0
0;20733.0;14776;61;0.0;0.0;0.0;0.0;14778;61;0.0;0.0;0.0;0.0;14777.0;0.0
0;20734.0;14777;19;14776.0;41.0;0.0;0.0;14778;60;0.0;0.0;0.0;0.0;14777.5;0.0
0;20735.0;14771;72;0.0;0.0;0.0;0.0;14772;28;14773.0;44.0;0.0;0.0;14771.5;0.0
0;20736.0;14772;69;0.0;0.0;0.0;0.0;14773;69;0.0;0.0;0.0;0.0;14772.5;0.0
0;20737.0;14768;22;14767.0;47.0;0.0;0.0;14769;69;0.0;0.0;0.0;0.0;14768.5;0.0
0;20738.0;14769;30;14768.0;32.0;0.0;0.0;14770;62;0.0;0.0;0.0;0.0;14769.5;0.0
0;20739.0;14768;75;0.0;0.0;0.0;0.0;14770;75;0.0;0.0;0.0;0.0;14769.0;0.0
0;20740.0;14767;53;0.0;0.0;0.0;0.0;14769;53;0.0;0.0;0.0;0.0;14768.0;0.0
0;20741.0;14767;67;0.0;0.0;0.0;0.0;14768;23;14769.0;44.0;0.0;0.0;14767.5;0.0
0;20742.0;14766;24;14765.0;41.0;0.0;0.0;14767;65;0.0;0.0;0.0;0.0;14766.5;0.0
0;20743.0;14764;64;0.0;0.0;0.0;0.0;14765;59;0.0;0.0;0.0;0.0;14764.5;0.0
0;20744.0;14759;51;0.0;0.0;0.0;0.0;14760;21;14761.0;30.0;0.0;0.0;14759.5;0.0
0;20745.0;14759;73;0.0;0.0;0.0;0.0;14760;23;14761.0;50.0;0.0;0.0;14759.5;0.0
0;20746.0;14764;75;0.0;0.0;0.0;0.0;14766;75;0.0;0.0;0.0;0.0;14765.0;0.0
0;20747.0;14770;49;0.0;0.0;0.0;0.0;14771;49;0.0;0.0;0.0;0.0;14770.5;0.0
0;20748.0;14773;66;0.0;0.0;0.0;0.0;14775;66;0.0;0.0;0.0;0.0;14774.0;0.0
0;20749.0;14775;62;0.0;0.0;0.0;0.0;14777;62;0.0;0.0;0.0;0.0;14776.0;0.0
0;20750.0;14773;49;0.0;0.0;0.0;0.0;14775;49;0.0;0.0;0.0;0.0;14774.0;0.0
0;20751.0;14777;65;0.0;0.0;0.0;0.0;14779;65;0.0;0.0;0.0;0.0;14778.0;0.0
0;20752.0;14777;53;0.0;0.0;0.0;0.0;14779;53;0.0;0.0;0.0;0.0;14778.0;0.0
0;20753.0;14777;72;0.0;0.0;0.0;0.0;14778;25;14779.0;47.0;0.0;0.0;14777.5;0.0
0;20754.0;14776;56;0.0;0.0;0.0;0.0;14778;56;0.0;0.0;0.0;0.0;14777.0;0.0
0;20755.0;14777;19;14776.0;38.0;0.0;0.0;14778;57;0.0;0.0;0.0;0.0;14777.5;0.0
0;20756.0;14775;50;0.0;0.0;0.0;0.0;14777;50;0.0;0.0;0.0;0.0;14776.0;0.0
0;20757.0;14775;56;0.0;0.0;0.0;0.0;14776;16;14777.0;40.0;0.0;0.0;14775.5;0.0
0;20758.0;14772;58;0.0;0.0;0.0;0.0;14773;27;14774.0;31.0;0.0;0.0;14772.5;0.0
0;20759.0;14771;68;0.0;0.0;0.0;0.0;14772;68;0.0;0.0;0.0;0.0;14771.5;0.0
0;20760.0;14777;64;0.0;0.0;0.0;0.0;14779;64;0.0;0.0;0.0;0.0;14778.0;0.0
0;20761.0;14777;54;0.0;0.0;0.0;0.0;14778;24;14779.0;30.0;0.0;0.0;14777.5;0.0
0;20762.0;14776;57;0.0;0.0;0.0;0.0;14778;57;0.0;0.0;0.0;0.0;14777.0;0.0
0;20763.0;14778;48;0.0;0.0;0.0;0.0;14779;48;0.0;0.0;0.0;0.0;14778.5;0.0
0;20764.0;14780;52;0.0;0.0;0.0;0.0;14781;52;0.0;0.0;0.0;0.0;14780.5;0.0
0;20765.0;14777;57;0.0;0.0;0.0;0.0;14778;57;0.0;0.0;0.0;0.0;14777.5;0.0
0;20766.0;14776;55;0.0;0.0;0.0;0.0;14777;17;14778.0;38.0;0.0;0.0;14776.5;0.0
0;20767.0;14779;59;0.0;0.0;0.0;0.0;14780;59;0.0;0.0;0.0;0.0;14779.5;0.0
0;20768.0;14779;59;0.0;0.0;0.0;0.0;14781;59;0.0;0.0;0.0;0.0;14780.0;0.0
0;20769.0;14780;70;0.0;0.0;0.0;0.0;14781;70;0.0;0.0;0.0;0.0;14780.5;0.0
0;20770.0;14784;51;0.0;0.0;0.0;0.0;14785;17;14786.0;34.0;0.0;0.0;14784.5;0.0
0;20771.0;14782;54;0.0;0.0;0.0;0.0;14784;54;0.0;0.0;0.0;0.0;14783.0;0.0
0;20772.0;14782;47;0.0;0.0;0.0;0.0;14784;47;0.0;0.0;0.0;0.0;14783.0;0.0
0;20773.0;14781;63;0.0;0.0;0.0;0.0;14782;22;14783.0;41.0;0.0;0.0;14781.5;0.0
0;20774.0;14785;64;0.0;0.0;0.0;0.0;14786;22;14787.0;42.0;0.0;0.0;14785.5;0.0
0;20775.0;14780;19;14779.0;35.0;0.0;0.0;14781;54;0.0;0.0;0.0;0.0;14780.5;0.0
0;20776.0;14778;60;0.0;0.0;0.0;0.0;14779;60;0.0;0.0;0.0;0.0;14778.5;0.0
0;20777.0;14776;60;0.0;0.0;0.0;0.0;14778;60;0.0;0.0;0.0;0.0;14777.0;0.0
0;20778.0;14778;57;0.0;0.0;0.0;0.0;14779;19;14780.0;38.0;0.0;0.0;14778.5;0.0
0;20779.0;14780;84;0.0;0.0;0.0;0.0;14781;76;0.0;0.0;0.0;0.0;14780.5;0.0
0;20780.0;14784;19;14783.0;33.0;0.0;0.0;14785;52;0.0;0.0;0.0;0.0;14784.5;0.0
0;20781.0;14779;59;0.0;0.0;0.0;0.0;14781;59;0.0;0.0;0.0;0.0;14780.0;0.0
0;20782.0;14781;65;0.0;0.0;0.0;0.0;14783;65;0.0;0.0;0.0;0.0;14782.0;0.0
0;20783.0;14781;27;14780.0;31.0;0.0;0.0;14782;58;0.0;0.0;0.0;0.0;14781.5;0.0
0;20784.0;14779;27;14778.0;38.0;0.0;0.0;14780;65;0.0;0.0;0.0;0.0;14779.5;0.0
0;20785.0;14780;51;0.0;0.0;0.0;0.0;14781;18;14782.0;33.0;0.0;0.0;14780.5;0.0
0;20786.0;14778;18;14777.0;31.0;0.0;0.0;14779;49;0.0;0.0;0.0;0.0;14778.5;0.0
0;20787.0;14772;64;0.0;0.0;0.0;0.0;14773;64;0.0;0.0;0.0;0.0;14772.5;0.0
0;20788.0;14771;63;0.0;0.0;0.0;0.0;14772;63;0.0;0.0;0.0;0.0;14771.5;0.0
0;20789.0;14767;27;14766.0;46.0;0.0;0.0;14768;73;0.0;0.0;0.0;0.0;14767.5;0.0
0;20790.0;14765;53;0.0;0.0;0.0;0.0;14766;53;0.0;0.0;0.0;0.0;14765.5;0.0
0;20791.0;14766;60;0.0;0.0;0.0;0.0;14767;60;0.0;0.0;0.0;0.0;14766.5;0.0
0;20792.0;14767;26;14766.0;47.0;0.0;0.0;14768;73;0.0;0.0;0.0;0.0;14767.5;0.0
0;20793.0;14771;56;0.0;0.0;0.0;0.0;14772;22;14773.0;34.0;0.0;0.0;14771.5;0.0
0;20794.0;14770;53;0.0;0.0;0.0;0.0;14772;53;0.0;0.0;0.0;0.0;14771.0;0.0
0;20795.0;14766;57;0.0;0.0;0.0;0.0;14767;23;14768.0;34.0;0.0;0.0;14766.5;0.0
0;20796.0;14764;55;0.0;0.0;0.0;0.0;14765;25;14766.0;30.0;0.0;0.0;14764.5;0.0
0;20797.0;14761;67;0.0;0.0;0.0;0.0;14763;67;0.0;0.0;0.0;0.0;14762.0;0.0
0;20798.0;14758;54;0.0;0.0;0.0;0.0;14759;21;14760.0;33.0;0.0;0.0;14758.5;0.0
0;20799.0;14759;59;0.0;0.0;0.0;0.0;14761;59;0.0;0.0;0.0;0.0;14760.0;0.0
0;20800.0;14757;64;0.0;0.0;0.0;0.0;14759;64;0.0;0.0;0.0;0.0;14758.0;0.0
0;20801.0;14752;50;0.0;0.0;0.0;0.0;14753;61;0.0;0.0;0.0;0.0;14752.5;0.0
0;20802.0;14754;56;0.0;0.0;0.0;0.0;14755;56;0.0;0.0;0.0;0.0;14754.5;0.0
0;20803.0;14754;29;14753.0;32.0;0.0;0.0;14755;61;0.0;0.0;0.0;0.0;14754.5;0.0
0;20804.0;14755;26;14754.0;35.0;0.0;0.0;14756;61;0.0;0.0;0.0;0.0;14755.5;0.0
0;20805.0;14755;53;0.0;0.0;0.0;0.0;14756;53;0.0;0.0;0.0;0.0;14755.5;0.0
0;20806.0;14757;19;14756.0;30.0;0.0;0.0;14758;49;0.0;0.0;0.0;0.0;14757.5;0.0
0;20807.0;14757;24;14756.0;43.0;0.0;0.0;14758;59;0.0;0.0;0.0;0.0;14757.5;0.0
0;20808.0;14760;64;0.0;0.0;0.0;0.0;14761;19;14762.0;45.0;0.0;0.0;14760.5;0.0
0;20809.0;14761;55;0.0;0.0;0.0;0.0;14763;55;0.0;0.0;0.0;0.0;14762.0;0.0
0;20810.0;14762;51;0.0;0.0;0.0;0.0;14764;51;0.0;0.0;0.0;0.0;14763.0;0.0
0;20811.0;14764;18;14763.0;49.0;0.0;0.0;14765;67;0.0;0.0;0.0;0.0;14764.5;0.0
0;20812.0;14759;73;0.0;0.0;0.0;0.0;14761;73;0.0;0.0;0.0;0.0;14760.0;0.0
0;20813.0;14759;62;0.0;0.0;0.0;0.0;14760;62;0.0;0.0;0.0;0.0;14759.5;0.0
0;20814.0;14758;63;0.0;0.0;0.0;0.0;14760;63;0.0;0.0;0.0;0.0;14759.0;0.0
0;20815.0;14759;51;0.0;0.0;0.0;0.0;14760;51;0.0;0.0;0.0;0.0;14759.5;0.0
0;20816.0;14755;71;0.0;0.0;0.0;0.0;14756;22;14757.0;49.0;0.0;0.0;14755.5;0.0
0;20817.0;14760;18;14759.0;48.0;0.0;0.0;14761;66;0.0;0.0;0.0;0.0;14760.5;0.0
0;20818.0;14760;70;0.0;0.0;0.0;0.0;14761;70;0.0;0.0;0.0;0.0;14760.5;0.0
0;20819.0;14756;73;0.0;0.0;0.0;0.0;14758;73;0.0;0.0;0.0;0.0;14757.0;0.0
0;20820.0;14752;15;14751.0;48.0;0.0;0.0;14753;63;0.0;0.0;0.0;0.0;14752.5;0.0
0;20821.0;14751;69;0.0;0.0;0.0;0.0;14752;69;0.0;0.0;0.0;0.0;14751.5;0.0
0;20822.0;14751;16;14750.0;39.0;0.0;0.0;14752;55;0.0;0.0;0.0;0.0;14751.5;0.0
0;20823.0;14749;18;14748.0;31.0;0.0;0.0;14750;49;0.0;0.0;0.0;0.0;14749.5;0.0
0;20824.0;14749;53;0.0;0.0;0.0;0.0;14750;53;0.0;0.0;0.0;0.0;14749.5;0.0
0;20825.0;14747;73;0.0;0.0;0.0;0.0;14748;28;14749.0;45.0;0.0;0.0;14747.5;0.0
0;20826.0;14749;17;14748.0;48.0;0.0;0.0;14750;65;0.0;0.0;0.0;0.0;14749.5;0.0
0;20827.0;14747;25;14746.0;42.0;0.0;0.0;14748;67;0.0;0.0;0.0;0.0;14747.5;0.0
0;20828.0;14746;60;0.0;0.0;0.0;0.0;14748;60;0.0;0.0;0.0;0.0;14747.0;0.0
0;20829.0;14749;63;0.0;0.0;0.0;0.0;14750;28;14751.0;35.0;0.0;0.0;14749.5;0.0
0;20830.0;14756;69;0.0;0.0;0.0;0.0;14758;69;0.0;0.0;0.0;0.0;14757.0;0.0
0;20831.0;14753;65;0.0;0.0;0.0;0.0;14755;65;0.0;0.0;0.0;0.0;14754.0;0.0
0;20832.0;14752;66;0.0;0.0;0.0;0.0;14753;23;14754.0;43.0;0.0;0.0;14752.5;0.0
0;20833.0;14750;54;0.0;0.0;0.0;0.0;14751;54;0.0;0.0;0.0;0.0;14750.5;0.0
0;20834.0;14752;62;0.0;0.0;0.0;0.0;14753;62;0.0;0.0;0.0;0.0;14752.5;0.0
0;20835.0;14749;53;0.0;0.0;0.0;0.0;14750;53;0.0;0.0;0.0;0.0;14749.5;0.0
0;20836.0;14747;57;0.0;0.0;0.0;0.0;14749;57;0.0;0.0;0.0;0.0;14748.0;0.0
0;20837.0;14747;72;0.0;0.0;0.0;0.0;14749;72;0.0;0.0;0.0;0.0;14748.0;0.0
0;20838.0;14745;23;14744.0;45.0;0.0;0.0;14746;68;0.0;0.0;0.0;0.0;14745.5;0.0
0;20839.0;14742;66;0.0;0.0;0.0;0.0;14743;66;0.0;0.0;0.0;0.0;14742.5;0.0
0;20840.0;14741;22;14740.0;45.0;0.0;0.0;14742;67;0.0;0.0;0.0;0.0;14741.5;0.0
0;20841.0;14735;27;14734.0;49.0;0.0;0.0;14736;76;0.0;0.0;0.0;0.0;14735.5;0.0
0;20842.0;14731;24;14730.0;49.0;0.0;0.0;14732;73;0.0;0.0;0.0;0.0;14731.5;0.0
0;20843.0;14729;67;0.0;0.0;0.0;0.0;14731;67;0.0;0.0;0.0;0.0;14730.0;0.0
0;20844.0;14730;61;0.0;0.0;0.0;0.0;14731;61;0.0;0.0;0.0;0.0;14730.5;0.0
0;20845.0;14729;74;0.0;0.0;0.0;0.0;14731;74;0.0;0.0;0.0;0.0;14730.0;0.0
0;20846.0;14724;64;0.0;0.0;0.0;0.0;14726;64;0.0;0.0;0.0;0.0;14725.0;0.0
0;20847.0;14723;57;0.0;0.0;0.0;0.0;14724;20;14725.0;37.0;0.0;0.0;14723.5;0.0
0;20848.0;14725;63;0.0;0.0;0.0;0.0;14727;63;0.0;0.0;0.0;0.0;14726.0;0.0
0;20849.0;14727;48;0.0;0.0;0.0;0.0;14728;48;0.0;0.0;0.0;0.0;14727.5;0.0
0;20850.0;14727;28;14726.0;31.0;0.0;0.0;14728;59;0.0;0.0;0.0;0.0;14727.5;0.0
0;20851.0;14724;47;0.0;0.0;0.0;0.0;14725;15;14726.0;32.0;0.0;0.0;14724.5;0.0
0;20852.0;14726;63;0.0;0.0;0.0;0.0;14727;63;0.0;0.0;0.0;0.0;14726.5;0.0
0;20853.0;14724;63;0.0;0.0;0.0;0.0;14726;63;0.0;0.0;0.0;0.0;14725.0;0.0
0;20854.0;14721;69;0.0;0.0;0.0;0.0;14722;23;14723.0;46.0;0.0;0.0;14721.5;0.0
0;20855.0;14719;74;0.0;0.0;0.0;0.0;14720;74;0.0;0.0;0.0;0.0;14719.5;0.0
0;20856.0;14723;73;0.0;0.0;0.0;0.0;14724;73;0.0;0.0;0.0;0.0;14723.5;0.0
0;20857.0;14723;65;0.0;0.0;0.0;0.0;14725;65;0.0;0.0;0.0;0.0;14724.0;0.0
0;20858.0;14727;15;14726.0;38.0;0.0;0.0;14728;53;0.0;0.0;0.0;0.0;14727.5;0.0
0;20859.0;14725;78;0.0;0.0;0.0;0.0;14727;78;0.0;0.0;0.0;0.0;14726.0;0.0
0;20860.0;14728;69;0.0;0.0;0.0;0.0;14729;69;0.0;0.0;0.0;0.0;14728.5;0.0
0;20861.0;14726;67;0.0;0.0;0.0;0.0;14727;27;14728.0;40.0;0.0;0.0;14726.5;0.0
0;20862.0;14726;70;0.0;0.0;0.0;0.0;14727;70;0.0;0.0;0.0;0.0;14726.5;0.0
0;20863.0;14733;20;14732.0;31.0;0.0;0.0;14734;51;0.0;0.0;0.0;0.0;14733.5;0.0
0;20864.0;14735;65;0.0;0.0;0.0;0.0;14736;65;0.0;0.0;0.0;0.0;14735.5;0.0
0;20865.0;14733;55;0.0;0.0;0.0;0.0;14735;55;0.0;0.0;0.0;0.0;14734.0;0.0
0;20866.0;14733;70;0.0;0.0;0.0;0.0;14734;25;14735.0;45.0;0.0;0.0;14733.5;0.0
0;20867.0;14734;60;0.0;0.0;0.0;0.0;14735;18;14736.0;42.0;0.0;0.0;14734.5;0.0
0;20868.0;14737;63;0.0;0.0;0.0;0.0;14739;63;0.0;0.0;0.0;0.0;14738.0;0.0
0;20869.0;14736;49;0.0;0.0;0.0;0.0;14737;18;14738.0;31.0;0.0;0.0;14736.5;0.0
0;20870.0;14731;65;0.0;0.0;0.0;0.0;14732;27;14733.0;38.0;0.0;0.0;14731.5;0.0
0;20871.0;14730;55;0.0;0.0;0.0;0.0;14732;55;0.0;0.0;0.0;0.0;14731.0;0.0
0;20872.0;14730;65;0.0;0.0;0.0;0.0;14732;65;0.0;0.0;0.0;0.0;14731.0;0.0
0;20873.0;14731;19;14730.0;44.0;0.0;0.0;14732;63;0.0;0.0;0.0;0.0;14731.5;0.0
0;20874.0;14734;64;0.0;0.0;0.0;0.0;14736;64;0.0;0.0;0.0;0.0;14735.0;0.0
0;20875.0;14735;59;0.0;0.0;0.0;0.0;14736;29;14737.0;30.0;0.0;0.0;14735.5;0.0
0;20876.0;14737;68;0.0;0.0;0.0;0.0;14739;68;0.0;0.0;0.0;0.0;14738.0;0.0
0;20877.0;14734;54;0.0;0.0;0.0;0.0;14736;54;0.0;0.0;0.0;0.0;14735.0;0.0
0;20878.0;14737;59;0.0;0.0;0.0;0.0;14738;59;0.0;0.0;0.0;0.0;14737.5;0.0
0;20879.0;14743;15;14742.0;49.0;0.0;0.0;14744;64;0.0;0.0;0.0;0.0;14743.5;0.0
0;20880.0;14745;59;0.0;0.0;0.0;0.0;14746;59;0.0;0.0;0.0;0.0;14745.5;0.0
0;20881.0;14745;55;0.0;0.0;0.0;0.0;14747;55;0.0;0.0;0.0;0.0;14746.0;0.0
0;20882.0;14746;68;0.0;0.0;0.0;0.0;14747;68;0.0;0.0;0.0;0.0;14746.5;0.0
0;20883.0;14751;56;0.0;0.0;0.0;0.0;14752;56;0.0;0.0;0.0;0.0;14751.5;0.0
0;20884.0;14748;68;0.0;0.0;0.0;0.0;14750;68;0.0;0.0;0.0;0.0;14749.0;0.0
0;20885.0;14748;63;0.0;0.0;0.0;0.0;14749;63;0.0;0.0;0.0;0.0;14748.5;0.0
0;20886.0;14749;64;0.0;0.0;0.0;0.0;14750;17;14751.0;47.0;0.0;0.0;14749.5;0.0
0;20887.0;14751;66;0.0;0.0;0.0;0.0;14753;66;0.0;0.0;0.0;0.0;14752.0;0.0
0;20888.0;14750;46;0.0;0.0;0.0;0.0;14751;15;14752.0;31.0;0.0;0.0;14750.5;0.0
0;20889.0;14751;55;0.0;0.0;0.0;0.0;14752;55;0.0;0.0;0.0;0.0;14751.5;0.0
0;20890.0;14750;71;0.0;0.0;0.0;0.0;14751;21;14752.0;50.0;0.0;0.0;14750.5;0.0
0;20891.0;14750;73;0.0;0.0;0.0;0.0;14752;73;0.0;0.0;0.0;0.0;14751.0;0.0
0;20892.0;14750;52;0.0;0.0;0.0;0.0;14751;16;14752.0;36.0;0.0;0.0;14750.5;0.0
0;20893.0;14747;65;0.0;0.0;0.0;0.0;14748;65;0.0;0.0;0.0;0.0;14747.5;0.0
0;20894.0;14747;53;0.0;0.0;0.0;0.0;14748;53;0.0;0.0;0.0;0.0;14747.5;0.0
0;20895.0;14749;69;0.0;0.0;0.0;0.0;14750;30;14751.0;39.0;0.0;0.0;14749.5;0.0
0;20896.0;14746;75;0.0;0.0;0.0;0.0;14748;75;0.0;0.0;0.0;0.0;14747.0;0.0
0;20897.0;14746;61;0.0;0.0;0.0;0.0;14747;61;0.0;0.0;0.0;0.0;14746.5;0.0
0;20898.0;14748;21;14747.0;45.0;0.0;0.0;14749;66;0.0;0.0;0.0;0.0;14748.5;0.0
0;20899.0;14745;26;14744.0;36.0;0.0;0.0;14746;62;0.0;0.0;0.0;0.0;14745.5;0.0
0;20900.0;14745;62;0.0;0.0;0.0;0.0;14746;21;14747.0;41.0;0.0;0.0;14745.5;0.0
0;20901.0;14742;58;0.0;0.0;0.0;0.0;14743;26;14744.0;32.0;0.0;0.0;14742.5;0.0
0;20902.0;14745;57;0.0;0.0;0.0;0.0;14747;57;0.0;0.0;0.0;0.0;14746.0;0.0
0;20903.0;14752;52;0.0;0.0;0.0;0.0;14753;52;0.0;0.0;0.0;0.0;14752.5;0.0
0;20904.0;14757;61;0.0;0.0;0.0;0.0;14759;61;0.0;0.0;0.0;0.0;14758.0;0.0
0;20905.0;14757;72;0.0;0.0;0.0;0.0;14758;72;0.0;0.0;0.0;0.0;14757.5;0.0
0;20906.0;14759;62;0.0;0.0;0.0;0.0;14760;62;0.0;0.0;0.0;0.0;14759.5;0.0
0;20907.0;14759;55;0.0;0.0;0.0;0.0;14760;20;14761.0;35.0;0.0;0.0;14759.5;0.0
0;20908.0;14759;69;0.0;0.0;0.0;0.0;14760;3;14761.0;69.0;0.0;0.0;14759.5;0.0
0;20909.0;14764;57;0.0;0.0;0.0;0.0;14765;57;0.0;0.0;0.0;0.0;14764.5;0.0
0;20910.0;14760;69;0.0;0.0;0.0;0.0;14761;26;14762.0;43.0;0.0;0.0;14760.5;0.0
0;20911.0;14763;67;0.0;0.0;0.0;0.0;14764;25;14765.0;42.0;0.0;0.0;14763.5;0.0
0;20912.0;14763;68;0.0;0.0;0.0;0.0;14764;68;0.0;0.0;0.0;0.0;14763.5;0.0
0;20913.0;14767;65;0.0;0.0;0.0;0.0;14768;65;0.0;0.0;0.0;0.0;14767.5;0.0
0;20914.0;14767;64;0.0;0.0;0.0;0.0;14769;64;0.0;0.0;0.0;0.0;14768.0;0.0
0;20915.0;14765;65;0.0;0.0;0.0;0.0;14767;65;0.0;0.0;0.0;0.0;14766.0;0.0
0;20916.0;14766;47;0.0;0.0;0.0;0.0;14767;15;14768.0;32.0;0.0;0.0;14766.5;0.0
0;20917.0;14768;55;0.0;0.0;0.0;0.0;14769;24;14770.0;31.0;0.0;0.0;14768.5;0.0
0;20918.0;14768;59;0.0;0.0;0.0;0.0;14770;59;0.0;0.0;0.0;0.0;14769.0;0.0
0;20919.0;14770;23;14769.0;36.0;0.0;0.0;14771;59;0.0;0.0;0.0;0.0;14770.5;0.0
0;20920.0;14768;68;0.0;0.0;0.0;0.0;14769;24;14770.0;44.0;0.0;0.0;14768.5;0.0
0;20921.0;14762;78;0.0;0.0;0.0;0.0;14763;28;14764.0;50.0;0.0;0.0;14762.5;0.0
0;20922.0;14765;27;14764.0;43.0;0.0;0.0;14766;70;0.0;0.0;0.0;0.0;14765.5;0.0
0;20923.0;14767;29;14766.0;30.0;0.0;0.0;14768;59;0.0;0.0;0.0;0.0;14767.5;0.0
0;20924.0;14767;64;0.0;0.0;0.0;0.0;14768;26;14769.0;38.0;0.0;0.0;14767.5;0.0
0;20925.0;14767;49;0.0;0.0;0.0;0.0;14769;49;0.0;0.0;0.0;0.0;14768.0;0.0
0;20926.0;14770;62;0.0;0.0;0.0;0.0;14771;24;14772.0;38.0;0.0;0.0;14770.5;0.0
0;20927.0;14769;65;0.0;0.0;0.0;0.0;14770;65;0.0;0.0;0.0;0.0;14769.5;0.0
0;20928.0;14767;68;0.0;0.0;0.0;0.0;14768;68;0.0;0.0;0.0;0.0;14767.5;0.0
0;20929.0;14766;70;0.0;0.0;0.0;0.0;14768;70;0.0;0.0;0.0;0.0;14767.0;0.0
0;20930.0;14770;28;14769.0;44.0;0.0;0.0;14771;72;0.0;0.0;0.0;0.0;14770.5;0.0
0;20931.0;14766;22;14765.0;39.0;0.0;0.0;14767;61;0.0;0.0;0.0;0.0;14766.5;0.0
0;20932.0;14769;64;0.0;0.0;0.0;0.0;14770;25;14771.0;39.0;0.0;0.0;14769.5;0.0
0;20933.0;14767;77;0.0;0.0;0.0;0.0;14769;77;0.0;0.0;0.0;0.0;14768.0;0.0
0;20934.0;14764;60;0.0;0.0;0.0;0.0;14765;16;14766.0;44.0;0.0;0.0;14764.5;0.0
0;20935.0;14768;21;14767.0;38.0;0.0;0.0;14769;59;0.0;0.0;0.0;0.0;14768.5;0.0
0;20936.0;14767;77;0.0;0.0;0.0;0.0;14769;77;0.0;0.0;0.0;0.0;14768.0;0.0
0;20937.0;14764;69;0.0;0.0;0.0;0.0;14765;69;0.0;0.0;0.0;0.0;14764.5;0.0
0;20938.0;14763;64;0.0;0.0;0.0;0.0;14764;64;0.0;0.0;0.0;0.0;14763.5;0.0
0;20939.0;14765;56;0.0;0.0;0.0;0.0;14767;56;0.0;0.0;0.0;0.0;14766.0;0.0
0;20940.0;14769;15;14768.0;46.0;0.0;0.0;14770;61;0.0;0.0;0.0;0.0;14769.5;0.0
0;20941.0;14767;58;0.0;0.0;0.0;0.0;14769;58;0.0;0.0;0.0;0.0;14768.0;0.0
0;20942.0;14769;21;14768.0;50.0;0.0;0.0;14770;71;0.0;0.0;0.0;0.0;14769.5;0.0
0;20943.0;14771;27;14770.0;44.0;0.0;0.0;14772;71;0.0;0.0;0.0;0.0;14771.5;0.0
0;20944.0;14769;21;14768.0;40.0;0.0;0.0;14770;61;0.0;0.0;0.0;0.0;14769.5;0.0
0;20945.0;14770;22;14769.0;47.0;0.0;0.0;14771;69;0.0;0.0;0.0;0.0;14770.5;0.0
0;20946.0;14770;25;14769.0;37.0;0.0;0.0;14771;62;0.0;0.0;0.0;0.0;14770.5;0.0
0;20947.0;14768;62;0.0;0.0;0.0;0.0;14769;18;14770.0;44.0;0.0;0.0;14768.5;0.0
0;20948.0;14767;23;14766.0;44.0;0.0;0.0;14768;67;0.0;0.0;0.0;0.0;14767.5;0.0
0;20949.0;14767;70;0.0;0.0;0.0;0.0;14768;70;0.0;0.0;0.0;0.0;14767.5;0.0
0;20950.0;14767;65;0.0;0.0;0.0;0.0;14768;65;0.0;0.0;0.0;0.0;14767.5;0.0
0;20951.0;14765;55;0.0;0.0;0.0;0.0;14767;55;0.0;0.0;0.0;0.0;14766.0;0.0
0;20952.0;14764;66;0.0;0.0;0.0;0.0;14765;29;14766.0;37.0;0.0;0.0;14764.5;0.0
0;20953.0;14767;48;0.0;0.0;0.0;0.0;14769;48;0.0;0.0;0.0;0.0;14768.0;0.0
0;20954.0;14768;64;0.0;0.0;0.0;0.0;14769;64;0.0;0.0;0.0;0.0;14768.5;0.0
0;20955.0;14770;67;0.0;0.0;0.0;0.0;14772;67;0.0;0.0;0.0;0.0;14771.0;0.0
0;20956.0;14774;28;14773.0;41.0;0.0;0.0;14775;69;0.0;0.0;0.0;0.0;14774.5;0.0
0;20957.0;14775;72;0.0;0.0;0.0;0.0;14777;72;0.0;0.0;0.0;0.0;14776.0;0.0
0;20958.0;14782;30;14781.0;34.0;0.0;0.0;14783;64;0.0;0.0;0.0;0.0;14782.5;0.0
0;20959.0;14779;64;0.0;0.0;0.0;0.0;14781;64;0.0;0.0;0.0;0.0;14780.0;0.0
0;20960.0;14782;29;14781.0;41.0;0.0;0.0;14783;70;0.0;0.0;0.0;0.0;14782.5;0.0
0;20961.0;14781;28;14780.0;38.0;0.0;0.0;14782;66;0.0;0.0;0.0;0.0;14781.5;0.0
0;20962.0;14786;62;0.0;0.0;0.0;0.0;14787;66;0.0;0.0;0.0;0.0;14786.5;0.0
0;20963.0;14791;30;14790.0;35.0;0.0;0.0;14792;65;0.0;0.0;0.0;0.0;14791.5;0.0
0;20964.0;14785;48;0.0;0.0;0.0;0.0;14786;15;14787.0;33.0;0.0;0.0;14785.5;0.0
0;20965.0;14782;52;0.0;0.0;0.0;0.0;14784;52;0.0;0.0;0.0;0.0;14783.0;0.0
0;20966.0;14784;58;0.0;0.0;0.0;0.0;14786;58;0.0;0.0;0.0;0.0;14785.0;0.0
0;20967.0;14786;53;0.0;0.0;0.0;0.0;14788;53;0.0;0.0;0.0;0.0;14787.0;0.0
0;20968.0;14788;58;0.0;0.0;0.0;0.0;14789;3;14790.0;58.0;0.0;0.0;14788.5;0.0
0;20969.0;14788;63;0.0;0.0;0.0;0.0;14790;63;0.0;0.0;0.0;0.0;14789.0;0.0
0;20970.0;14790;21;14789.0;42.0;0.0;0.0;14791;63;0.0;0.0;0.0;0.0;14790.5;0.0
0;20971.0;14791;76;0.0;0.0;0.0;0.0;14793;76;0.0;0.0;0.0;0.0;14792.0;0.0
0;20972.0;14791;61;0.0;0.0;0.0;0.0;14792;21;14793.0;40.0;0.0;0.0;14791.5;0.0
0;20973.0;14794;67;0.0;0.0;0.0;0.0;14795;67;0.0;0.0;0.0;0.0;14794.5;0.0
0;20974.0;14788;16;14787.0;47.0;0.0;0.0;14789;63;0.0;0.0;0.0;0.0;14788.5;0.0
0;20975.0;14789;60;0.0;0.0;0.0;0.0;14791;60;0.0;0.0;0.0;0.0;14790.0;0.0
0;20976.0;14786;67;0.0;0.0;0.0;0.0;14788;67;0.0;0.0;0.0;0.0;14787.0;0.0
0;20977.0;14789;61;0.0;0.0;0.0;0.0;14790;26;14791.0;35.0;0.0;0.0;14789.5;0.0
0;20978.0;14789;27;14788.0;31.0;0.0;0.0;14790;58;0.0;0.0;0.0;0.0;14789.5;0.0
0;20979.0;14786;56;0.0;0.0;0.0;0.0;14787;19;14788.0;37.0;0.0;0.0;14786.5;0.0
0;20980.0;14787;57;0.0;0.0;0.0;0.0;14788;22;14789.0;35.0;0.0;0.0;14787.5;0.0
0;20981.0;14784;60;0.0;0.0;0.0;0.0;14786;60;0.0;0.0;0.0;0.0;14785.0;0.0
0;20982.0;14782;55;0.0;0.0;0.0;0.0;14783;55;0.0;0.0;0.0;0.0;14782.5;0.0
0;20983.0;14778;21;14777.0;43.0;0.0;0.0;14779;64;0.0;0.0;0.0;0.0;14778.5;0.0
0;20984.0;14777;64;0.0;0.0;0.0;0.0;14779;64;0.0;0.0;0.0;0.0;14778.0;0.0
0;20985.0;14779;68;0.0;0.0;0.0;0.0;14780;68;0.0;0.0;0.0;0.0;14779.5;0.0
0;20986.0;14782;25;14781.0;49.0;0.0;0.0;14783;74;0.0;0.0;0.0;0.0;14782.5;0.0
0;20987.0;14781;57;0.0;0.0;0.0;0.0;14783;57;0.0;0.0;0.0;0.0;14782.0;0.0
0;20988.0;14784;65;0.0;0.0;0.0;0.0;14785;15;14786.0;50.0;0.0;0.0;14784.5;0.0
0;20989.0;14784;75;0.0;0.0;0.0;0.0;14786;75;0.0;0.0;0.0;0.0;14785.0;0.0
0;20990.0;14784;63;0.0;0.0;0.0;0.0;14785;63;0.0;0.0;0.0;0.0;14784.5;0.0
0;20991.0;14786;37;14785.0;41.0;0.0;0.0;14787;70;0.0;0.0;0.0;0.0;14786.5;0.0
0;20992.0;14788;53;0.0;0.0;0.0;0.0;14790;53;0.0;0.0;0.0;0.0;14789.0;0.0
0;20993.0;14788;17;14787.0;40.0;0.0;0.0;14789;57;0.0;0.0;0.0;0.0;14788.5;0.0
0;20994.0;14787;58;0.0;0.0;0.0;0.0;14788;58;0.0;0.0;0.0;0.0;14787.5;0.0
0;20995.0;14786;73;0.0;0.0;0.0;0.0;14788;73;0.0;0.0;0.0;0.0;14787.0;0.0
0;20996.0;14787;17;14786.0;34.0;0.0;0.0;14788;51;0.0;0.0;0.0;0.0;14787.5;0.0
0;20997.0;14784;57;0.0;0.0;0.0;0.0;14785;21;14786.0;36.0;0.0;0.0;14784.5;0.0
0;20998.0;14787;67;0.0;0.0;0.0;0.0;14788;67;0.0;0.0;0.0;0.0;14787.5;0.0
0;20999.0;14786;59;0.0;0.0;0.0;0.0;14787;59;0.0;0.0;0.0;0.0;14786.5;0.0
0;21000.0;14787;66;0.0;0.0;0.0;0.0;14788;24;14789.0;42.0;0.0;0.0;14787.5;0.0
0;21001.0;14785;58;0.0;0.0;0.0;0.0;14786;58;0.0;0.0;0.0;0.0;14785.5;0.0
0;21002.0;14786;57;0.0;0.0;0.0;0.0;14787;57;0.0;0.0;0.0;0.0;14786.5;0.0
0;21003.0;14787;64;0.0;0.0;0.0;0.0;14788;64;0.0;0.0;0.0;0.0;14787.5;0.0
0;21004.0;14786;16;14785.0;46.0;0.0;0.0;14787;62;0.0;0.0;0.0;0.0;14786.5;0.0
0;21005.0;14791;61;0.0;0.0;0.0;0.0;14793;61;0.0;0.0;0.0;0.0;14792.0;0.0
0;21006.0;14792;66;0.0;0.0;0.0;0.0;14794;66;0.0;0.0;0.0;0.0;14793.0;0.0
0;21007.0;14797;55;0.0;0.0;0.0;0.0;14799;55;0.0;0.0;0.0;0.0;14798.0;0.0
0;21008.0;14800;56;0.0;0.0;0.0;0.0;14801;56;0.0;0.0;0.0;0.0;14800.5;0.0
0;21009.0;14798;45;0.0;0.0;0.0;0.0;14799;18;14800.0;35.0;0.0;0.0;14798.5;0.0
0;21010.0;14797;71;0.0;0.0;0.0;0.0;14798;26;14799.0;45.0;0.0;0.0;14797.5;0.0
0;21011.0;14798;68;0.0;0.0;0.0;0.0;14799;29;14800.0;39.0;0.0;0.0;14798.5;0.0
0;21012.0;14798;65;0.0;0.0;0.0;0.0;14800;65;0.0;0.0;0.0;0.0;14799.0;0.0
0;21013.0;14798;51;0.0;0.0;0.0;0.0;14800;51;0.0;0.0;0.0;0.0;14799.0;0.0
0;21014.0;14798;27;14797.0;37.0;0.0;0.0;14799;64;0.0;0.0;0.0;0.0;14798.5;0.0
0;21015.0;14793;29;14792.0;49.0;0.0;0.0;14794;78;0.0;0.0;0.0;0.0;14793.5;0.0
0;21016.0;14792;65;0.0;0.0;0.0;0.0;14793;65;0.0;0.0;0.0;0.0;14792.5;0.0
0;21017.0;14786;48;0.0;0.0;0.0;0.0;14787;48;0.0;0.0;0.0;0.0;14786.5;0.0
0;21018.0;14787;59;0.0;0.0;0.0;0.0;14788;59;0.0;0.0;0.0;0.0;14787.5;0.0
0;21019.0;14785;56;0.0;0.0;0.0;0.0;14786;56;0.0;0.0;0.0;0.0;14785.5;0.0
0;21020.0;14783;63;0.0;0.0;0.0;0.0;14784;63;0.0;0.0;0.0;0.0;14783.5;0.0
0;21021.0;14782;67;0.0;0.0;0.0;0.0;14783;30;14784.0;37.0;0.0;0.0;14782.5;0.0
0;21022.0;14783;49;0.0;0.0;0.0;0.0;14784;49;0.0;0.0;0.0;0.0;14783.5;0.0
0;21023.0;14779;50;0.0;0.0;0.0;0.0;14780;50;0.0;0.0;0.0;0.0;14779.5;0.0
0;21024.0;14774;59;0.0;0.0;0.0;0.0;14775;59;0.0;0.0;0.0;0.0;14774.5;0.0
0;21025.0;14771;57;0.0;0.0;0.0;0.0;14772;57;0.0;0.0;0.0;0.0;14771.5;0.0
0;21026.0;14765;71;0.0;0.0;0.0;0.0;14767;71;0.0;0.0;0.0;0.0;14766.0;0.0
0;21027.0;14763;19;14762.0;49.0;0.0;0.0;14764;68;0.0;0.0;0.0;0.0;14763.5;0.0
0;21028.0;14767;51;0.0;0.0;0.0;0.0;14768;51;0.0;0.0;0.0;0.0;14767.5;0.0
0;21029.0;14764;68;0.0;0.0;0.0;0.0;14765;24;14766.0;44.0;0.0;0.0;14764.5;0.0
0;21030.0;14766;70;0.0;0.0;0.0;0.0;14767;70;0.0;0.0;0.0;0.0;14766.5;0.0
0;21031.0;14762;70;0.0;0.0;0.0;0.0;14763;21;14764.0;49.0;0.0;0.0;14762.5;0.0
0;21032.0;14763;53;0.0;0.0;0.0;0.0;14764;53;0.0;0.0;0.0;0.0;14763.5;0.0
0;21033.0;14762;60;0.0;0.0;0.0;0.0;14763;60;0.0;0.0;0.0;0.0;14762.5;0.0
0;21034.0;14762;60;0.0;0.0;0.0;0.0;14763;60;0.0;0.0;0.0;0.0;14762.5;0.0
0;21035.0;14763;64;0.0;0.0;0.0;0.0;14765;64;0.0;0.0;0.0;0.0;14764.0;0.0
0;21036.0;14768;57;0.0;0.0;0.0;0.0;14769;23;14770.0;34.0;0.0;0.0;14768.5;0.0
0;21037.0;14769;62;0.0;0.0;0.0;0.0;14770;62;0.0;0.0;0.0;0.0;14769.5;0.0
0;21038.0;14769;78;0.0;0.0;0.0;0.0;14770;28;14771.0;50.0;0.0;0.0;14769.5;0.0
0;21039.0;14766;68;0.0;0.0;0.0;0.0;14768;68;0.0;0.0;0.0;0.0;14767.0;0.0
0;21040.0;14768;70;0.0;0.0;0.0;0.0;14769;70;0.0;0.0;0.0;0.0;14768.5;0.0
0;21041.0;14767;67;0.0;0.0;0.0;0.0;14769;67;0.0;0.0;0.0;0.0;14768.0;0.0
0;21042.0;14770;16;14769.0;44.0;0.0;0.0;14771;60;0.0;0.0;0.0;0.0;14770.5;0.0
0;21043.0;14769;61;0.0;0.0;0.0;0.0;14771;61;0.0;0.0;0.0;0.0;14770.0;0.0
0;21044.0;14774;62;0.0;0.0;0.0;0.0;14776;62;0.0;0.0;0.0;0.0;14775.0;0.0
0;21045.0;14769;62;0.0;0.0;0.0;0.0;14770;62;0.0;0.0;0.0;0.0;14769.5;0.0
0;21046.0;14768;70;0.0;0.0;0.0;0.0;14769;70;0.0;0.0;0.0;0.0;14768.5;0.0
0;21047.0;14770;57;0.0;0.0;0.0;0.0;14772;57;0.0;0.0;0.0;0.0;14771.0;0.0
0;21048.0;14769;52;0.0;0.0;0.0;0.0;14771;52;0.0;0.0;0.0;0.0;14770.0;0.0
0;21049.0;14767;68;0.0;0.0;0.0;0.0;14768;26;14769.0;42.0;0.0;0.0;14767.5;0.0
0;21050.0;14766;61;0.0;0.0;0.0;0.0;14768;61;0.0;0.0;0.0;0.0;14767.0;0.0
0;21051.0;14763;19;14762.0;39.0;0.0;0.0;14764;58;0.0;0.0;0.0;0.0;14763.5;0.0
0;21052.0;14763;54;0.0;0.0;0.0;0.0;14764;54;0.0;0.0;0.0;0.0;14763.5;0.0
0;21053.0;14770;25;14769.0;38.0;0.0;0.0;14771;63;0.0;0.0;0.0;0.0;14770.5;0.0
0;21054.0;14773;53;0.0;0.0;0.0;0.0;14774;53;0.0;0.0;0.0;0.0;14773.5;0.0
0;21055.0;14770;28;14769.0;45.0;0.0;0.0;14771;73;0.0;0.0;0.0;0.0;14770.5;0.0
0;21056.0;14767;80;0.0;0.0;0.0;0.0;14769;80;0.0;0.0;0.0;0.0;14768.0;0.0
0;21057.0;14766;49;0.0;0.0;0.0;0.0;14767;15;14768.0;34.0;0.0;0.0;14766.5;0.0
0;21058.0;14769;74;0.0;0.0;0.0;0.0;14770;74;0.0;0.0;0.0;0.0;14769.5;0.0
0;21059.0;14767;16;14766.0;45.0;0.0;0.0;14768;61;0.0;0.0;0.0;0.0;14767.5;0.0
0;21060.0;14765;20;14764.0;35.0;0.0;0.0;14766;55;0.0;0.0;0.0;0.0;14765.5;0.0
0;21061.0;14767;63;0.0;0.0;0.0;0.0;14768;22;14769.0;41.0;0.0;0.0;14767.5;0.0
0;21062.0;14770;18;14769.0;36.0;0.0;0.0;14771;54;0.0;0.0;0.0;0.0;14770.5;0.0
0;21063.0;14768;66;0.0;0.0;0.0;0.0;14770;66;0.0;0.0;0.0;0.0;14769.0;0.0
0;21064.0;14765;57;0.0;0.0;0.0;0.0;14767;57;0.0;0.0;0.0;0.0;14766.0;0.0
0;21065.0;14761;62;0.0;0.0;0.0;0.0;14762;15;14763.0;47.0;0.0;0.0;14761.5;0.0
0;21066.0;14759;64;0.0;0.0;0.0;0.0;14760;28;14761.0;36.0;0.0;0.0;14759.5;0.0
0;21067.0;14753;51;0.0;0.0;0.0;0.0;14754;51;0.0;0.0;0.0;0.0;14753.5;0.0
0;21068.0;14755;67;0.0;0.0;0.0;0.0;14756;67;0.0;0.0;0.0;0.0;14755.5;0.0
0;21069.0;14753;60;0.0;0.0;0.0;0.0;14754;30;14755.0;30.0;0.0;0.0;14753.5;0.0
0;21070.0;14754;76;0.0;0.0;0.0;0.0;14756;76;0.0;0.0;0.0;0.0;14755.0;0.0
0;21071.0;14760;22;14759.0;41.0;0.0;0.0;14761;63;0.0;0.0;0.0;0.0;14760.5;0.0
0;21072.0;14763;51;0.0;0.0;0.0;0.0;14764;51;0.0;0.0;0.0;0.0;14763.5;0.0
0;21073.0;14760;20;14759.0;39.0;0.0;0.0;14761;59;0.0;0.0;0.0;0.0;14760.5;0.0
0;21074.0;14762;62;0.0;0.0;0.0;0.0;14763;20;14764.0;42.0;0.0;0.0;14762.5;0.0
0;21075.0;14765;58;0.0;0.0;0.0;0.0;14767;58;0.0;0.0;0.0;0.0;14766.0;0.0
0;21076.0;14763;74;0.0;0.0;0.0;0.0;14765;74;0.0;0.0;0.0;0.0;14764.0;0.0
0;21077.0;14761;36;14760.0;30.0;0.0;0.0;14762;59;0.0;0.0;0.0;0.0;14761.5;0.0
0;21078.0;14760;60;0.0;0.0;0.0;0.0;14762;60;0.0;0.0;0.0;0.0;14761.0;0.0
0;21079.0;14756;63;0.0;0.0;0.0;0.0;14757;63;0.0;0.0;0.0;0.0;14756.5;0.0
0;21080.0;14760;58;0.0;0.0;0.0;0.0;14761;58;0.0;0.0;0.0;0.0;14760.5;0.0
0;21081.0;14753;69;0.0;0.0;0.0;0.0;14754;28;14755.0;41.0;0.0;0.0;14753.5;0.0
0;21082.0;14750;70;0.0;0.0;0.0;0.0;14751;24;14752.0;42.0;0.0;0.0;14750.5;0.0
0;21083.0;14749;66;0.0;0.0;0.0;0.0;14751;66;0.0;0.0;0.0;0.0;14750.0;0.0
0;21084.0;14749;29;14748.0;45.0;0.0;0.0;14750;74;0.0;0.0;0.0;0.0;14749.5;0.0
0;21085.0;14749;54;0.0;0.0;0.0;0.0;14750;20;14751.0;34.0;0.0;0.0;14749.5;0.0
0;21086.0;14750;61;0.0;0.0;0.0;0.0;14751;61;0.0;0.0;0.0;0.0;14750.5;0.0
0;21087.0;14749;62;0.0;0.0;0.0;0.0;14751;62;0.0;0.0;0.0;0.0;14750.0;0.0
0;21088.0;14752;53;0.0;0.0;0.0;0.0;14754;53;0.0;0.0;0.0;0.0;14753.0;0.0
0;21089.0;14746;61;0.0;0.0;0.0;0.0;14748;61;0.0;0.0;0.0;0.0;14747.0;0.0
0;21090.0;14746;65;0.0;0.0;0.0;0.0;14748;65;0.0;0.0;0.0;0.0;14747.0;0.0
0;21091.0;14744;67;0.0;0.0;0.0;0.0;14746;67;0.0;0.0;0.0;0.0;14745.0;0.0
0;21092.0;14745;66;0.0;0.0;0.0;0.0;14746;66;0.0;0.0;0.0;0.0;14745.5;0.0
0;21093.0;14745;55;0.0;0.0;0.0;0.0;14747;55;0.0;0.0;0.0;0.0;14746.0;0.0
0;21094.0;14743;48;0.0;0.0;0.0;0.0;14744;48;0.0;0.0;0.0;0.0;14743.5;0.0
0;21095.0;14741;63;0.0;0.0;0.0;0.0;14742;29;14743.0;34.0;0.0;0.0;14741.5;0.0
0;21096.0;14743;61;0.0;0.0;0.0;0.0;14745;61;0.0;0.0;0.0;0.0;14744.0;0.0
0;21097.0;14744;50;0.0;0.0;0.0;0.0;14745;17;14746.0;33.0;0.0;0.0;14744.5;0.0
0;21098.0;14742;58;0.0;0.0;0.0;0.0;14744;58;0.0;0.0;0.0;0.0;14743.0;0.0
0;21099.0;14748;65;0.0;0.0;0.0;0.0;14749;65;0.0;0.0;0.0;0.0;14748.5;0.0
0;21100.0;14754;76;0.0;0.0;0.0;0.0;14756;76;0.0;0.0;0.0;0.0;14755.0;0.0
0;21101.0;14750;61;0.0;0.0;0.0;0.0;14752;61;0.0;0.0;0.0;0.0;14751.0;0.0
0;21102.0;14751;73;0.0;0.0;0.0;0.0;14752;28;14753.0;45.0;0.0;0.0;14751.5;0.0
0;21103.0;14758;54;0.0;0.0;0.0;0.0;14759;19;14760.0;35.0;0.0;0.0;14758.5;0.0
0;21104.0;14760;61;0.0;0.0;0.0;0.0;14762;61;0.0;0.0;0.0;0.0;14761.0;0.0
0;21105.0;14761;76;0.0;0.0;0.0;0.0;14762;76;0.0;0.0;0.0;0.0;14761.5;0.0
0;21106.0;14760;61;0.0;0.0;0.0;0.0;14762;61;0.0;0.0;0.0;0.0;14761.0;0.0
0;21107.0;14759;72;0.0;0.0;0.0;0.0;14760;72;0.0;0.0;0.0;0.0;14759.5;0.0
0;21108.0;14758;70;0.0;0.0;0.0;0.0;14759;23;14760.0;47.0;0.0;0.0;14758.5;0.0
0;21109.0;14757;18;14756.0;34.0;0.0;0.0;14758;52;0.0;0.0;0.0;0.0;14757.5;0.0
0;21110.0;14759;22;14758.0;32.0;0.0;0.0;14760;54;0.0;0.0;0.0;0.0;14759.5;0.0
0;21111.0;14758;29;14757.0;37.0;0.0;0.0;14759;66;0.0;0.0;0.0;0.0;14758.5;0.0
0;21112.0;14756;55;0.0;0.0;0.0;0.0;14758;55;0.0;0.0;0.0;0.0;14757.0;0.0
0;21113.0;14753;64;0.0;0.0;0.0;0.0;14754;64;0.0;0.0;0.0;0.0;14753.5;0.0
0;21114.0;14753;71;0.0;0.0;0.0;0.0;14754;71;0.0;0.0;0.0;0.0;14753.5;0.0
0;21115.0;14750;71;0.0;0.0;0.0;0.0;14752;71;0.0;0.0;0.0;0.0;14751.0;0.0
0;21116.0;14750;68;0.0;0.0;0.0;0.0;14751;68;0.0;0.0;0.0;0.0;14750.5;0.0
0;21117.0;14753;23;14752.0;45.0;0.0;0.0;14754;68;0.0;0.0;0.0;0.0;14753.5;0.0
0;21118.0;14754;28;14753.0;36.0;0.0;0.0;14755;64;0.0;0.0;0.0;0.0;14754.5;0.0
0;21119.0;14755;72;0.0;0.0;0.0;0.0;14756;23;14757.0;49.0;0.0;0.0;14755.5;0.0
0;21120.0;14756;60;0.0;0.0;0.0;0.0;14757;15;14758.0;45.0;0.0;0.0;14756.5;0.0
0;21121.0;14756;63;0.0;0.0;0.0;0.0;14758;63;0.0;0.0;0.0;0.0;14757.0;0.0
0;21122.0;14756;78;0.0;0.0;0.0;0.0;14757;78;0.0;0.0;0.0;0.0;14756.5;0.0
0;21123.0;14755;64;0.0;0.0;0.0;0.0;14756;21;14757.0;43.0;0.0;0.0;14755.5;0.0
0;21124.0;14757;58;0.0;0.0;0.0;0.0;14758;19;14759.0;39.0;0.0;0.0;14757.5;0.0
0;21125.0;14754;65;0.0;0.0;0.0;0.0;14755;17;14756.0;48.0;0.0;0.0;14754.5;0.0
0;21126.0;14758;49;0.0;0.0;0.0;0.0;14759;49;0.0;0.0;0.0;0.0;14758.5;0.0
0;21127.0;14758;54;0.0;0.0;0.0;0.0;14759;54;0.0;0.0;0.0;0.0;14758.5;0.0
0;21128.0;14756;70;0.0;0.0;0.0;0.0;14757;70;0.0;0.0;0.0;0.0;14756.5;0.0
0;21129.0;14755;10;14754.0;54.0;0.0;0.0;14756;54;0.0;0.0;0.0;0.0;14755.5;0.0
0;21130.0;14753;23;14752.0;33.0;0.0;0.0;14754;56;0.0;0.0;0.0;0.0;14753.5;0.0
0;21131.0;14753;56;0.0;0.0;0.0;0.0;14754;56;0.0;0.0;0.0;0.0;14753.5;0.0
0;21132.0;14751;65;0.0;0.0;0.0;0.0;14752;65;0.0;0.0;0.0;0.0;14751.5;0.0
0;21133.0;14754;53;0.0;0.0;0.0;0.0;14755;23;14756.0;30.0;0.0;0.0;14754.5;0.0
0;21134.0;14752;65;0.0;0.0;0.0;0.0;14753;65;0.0;0.0;0.0;0.0;14752.5;0.0
0;21135.0;14746;23;14745.0;37.0;0.0;0.0;14747;60;0.0;0.0;0.0;0.0;14746.5;0.0
0;21136.0;14744;24;14743.0;47.0;0.0;0.0;14745;71;0.0;0.0;0.0;0.0;14744.5;0.0
0;21137.0;14738;70;0.0;0.0;0.0;0.0;14739;70;0.0;0.0;0.0;0.0;14738.5;0.0
0;21138.0;14738;61;0.0;0.0;0.0;0.0;14739;61;0.0;0.0;0.0;0.0;14738.5;0.0
0;21139.0;14741;56;0.0;0.0;0.0;0.0;14742;56;0.0;0.0;0.0;0.0;14741.5;0.0
0;21140.0;14743;16;14742.0;41.0;0.0;0.0;14744;57;0.0;0.0;0.0;0.0;14743.5;0.0
0;21141.0;14739;63;0.0;0.0;0.0;0.0;14740;63;0.0;0.0;0.0;0.0;14739.5;0.0
0;21142.0;14737;27;14736.0;45.0;0.0;0.0;14738;72;0.0;0.0;0.0;0.0;14737.5;0.0
0;21143.0;14742;26;14741.0;48.0;0.0;0.0;14743;74;0.0;0.0;0.0;0.0;14742.5;0.0
0;21144.0;14742;65;0.0;0.0;0.0;0.0;14744;65;0.0;0.0;0.0;0.0;14743.0;0.0
0;21145.0;14742;57;0.0;0.0;0.0;0.0;14744;57;0.0;0.0;0.0;0.0;14743.0;0.0
0;21146.0;14745;47;0.0;0.0;0.0;0.0;14747;47;0.0;0.0;0.0;0.0;14746.0;0.0
0;21147.0;14752;65;0.0;0.0;0.0;0.0;14754;65;0.0;0.0;0.0;0.0;14753.0;0.0
0;21148.0;14756;61;0.0;0.0;0.0;0.0;14757;61;0.0;0.0;0.0;0.0;14756.5;0.0
0;21149.0;14756;62;0.0;0.0;0.0;0.0;14758;62;0.0;0.0;0.0;0.0;14757.0;0.0
0;21150.0;14757;69;0.0;0.0;0.0;0.0;14758;26;14759.0;43.0;0.0;0.0;14757.5;0.0
0;21151.0;14759;74;0.0;0.0;0.0;0.0;14760;74;0.0;0.0;0.0;0.0;14759.5;0.0
0;21152.0;14757;55;0.0;0.0;0.0;0.0;14758;20;14759.0;35.0;0.0;0.0;14757.5;0.0
0;21153.0;14754;72;0.0;0.0;0.0;0.0;14756;72;0.0;0.0;0.0;0.0;14755.0;0.0
0;21154.0;14754;71;0.0;0.0;0.0;0.0;14756;71;0.0;0.0;0.0;0.0;14755.0;0.0
0;21155.0;14752;29;14751.0;43.0;0.0;0.0;14753;72;0.0;0.0;0.0;0.0;14752.5;0.0
0;21156.0;14752;19;14751.0;38.0;0.0;0.0;14753;57;0.0;0.0;0.0;0.0;14752.5;0.0
0;21157.0;14752;65;0.0;0.0;0.0;0.0;14753;65;0.0;0.0;0.0;0.0;14752.5;0.0
0;21158.0;14758;52;0.0;0.0;0.0;0.0;14760;52;0.0;0.0;0.0;0.0;14759.0;0.0
0;21159.0;14756;62;0.0;0.0;0.0;0.0;14757;62;0.0;0.0;0.0;0.0;14756.5;0.0
0;21160.0;14756;22;14755.0;30.0;0.0;0.0;14757;52;0.0;0.0;0.0;0.0;14756.5;0.0
0;21161.0;14755;70;0.0;0.0;0.0;0.0;14756;22;14757.0;48.0;0.0;0.0;14755.5;0.0
0;21162.0;14756;51;0.0;0.0;0.0;0.0;14758;51;0.0;0.0;0.0;0.0;14757.0;0.0
0;21163.0;14759;49;0.0;0.0;0.0;0.0;14760;17;14761.0;32.0;0.0;0.0;14759.5;0.0
0;21164.0;14758;62;0.0;0.0;0.0;0.0;14759;62;0.0;0.0;0.0;0.0;14758.5;0.0
0;21165.0;14756;22;14755.0;45.0;0.0;0.0;14757;67;0.0;0.0;0.0;0.0;14756.5;0.0
0;21166.0;14751;54;0.0;0.0;0.0;0.0;14752;54;0.0;0.0;0.0;0.0;14751.5;0.0
0;21167.0;14748;55;0.0;0.0;0.0;0.0;14750;55;0.0;0.0;0.0;0.0;14749.0;0.0
0;21168.0;14750;69;0.0;0.0;0.0;0.0;14751;69;0.0;0.0;0.0;0.0;14750.5;0.0
0;21169.0;14750;70;0.0;0.0;0.0;0.0;14751;70;0.0;0.0;0.0;0.0;14750.5;0.0
0;21170.0;14747;56;0.0;0.0;0.0;0.0;14748;22;14749.0;34.0;0.0;0.0;14747.5;0.0
0;21171.0;14746;64;0.0;0.0;0.0;0.0;14747;29;14748.0;35.0;0.0;0.0;14746.5;0.0
0;21172.0;14746;57;0.0;0.0;0.0;0.0;14747;16;14748.0;41.0;0.0;0.0;14746.5;0.0
0;21173.0;14748;30;14747.0;35.0;0.0;0.0;14749;65;0.0;0.0;0.0;0.0;14748.5;0.0
0;21174.0;14746;60;0.0;0.0;0.0;0.0;14747;60;0.0;0.0;0.0;0.0;14746.5;0.0
0;21175.0;14745;58;0.0;0.0;0.0;0.0;14746;23;14747.0;35.0;0.0;0.0;14745.5;0.0
0;21176.0;14740;64;0.0;0.0;0.0;0.0;14741;27;14742.0;37.0;0.0;0.0;14740.5;0.0
0;21177.0;14737;64;0.0;0.0;0.0;0.0;14738;64;0.0;0.0;0.0;0.0;14737.5;0.0
0;21178.0;14741;64;0.0;0.0;0.0;0.0;14743;64;0.0;0.0;0.0;0.0;14742.0;0.0
0;21179.0;14735;75;0.0;0.0;0.0;0.0;14737;75;0.0;0.0;0.0;0.0;14736.0;0.0
0;21180.0;14734;58;0.0;0.0;0.0;0.0;14736;58;0.0;0.0;0.0;0.0;14735.0;0.0
0;21181.0;14735;72;0.0;0.0;0.0;0.0;14736;72;0.0;0.0;0.0;0.0;14735.5;0.0
0;21182.0;14734;59;0.0;0.0;0.0;0.0;14735;59;0.0;0.0;0.0;0.0;14734.5;0.0
0;21183.0;14732;15;14731.0;48.0;0.0;0.0;14733;63;0.0;0.0;0.0;0.0;14732.5;0.0
0;21184.0;14731;65;0.0;0.0;0.0;0.0;14733;65;0.0;0.0;0.0;0.0;14732.0;0.0
0;21185.0;14731;53;0.0;0.0;0.0;0.0;14733;53;0.0;0.0;0.0;0.0;14732.0;0.0
0;21186.0;14731;53;0.0;0.0;0.0;0.0;14732;21;14733.0;32.0;0.0;0.0;14731.5;0.0
0;21187.0;14726;76;0.0;0.0;0.0;0.0;14727;76;0.0;0.0;0.0;0.0;14726.5;0.0
0;21188.0;14725;61;0.0;0.0;0.0;0.0;14727;61;0.0;0.0;0.0;0.0;14726.0;0.0
0;21189.0;14723;69;0.0;0.0;0.0;0.0;14724;22;14725.0;47.0;0.0;0.0;14723.5;0.0
0;21190.0;14722;26;14721.0;32.0;0.0;0.0;14723;58;0.0;0.0;0.0;0.0;14722.5;0.0
0;21191.0;14722;64;0.0;0.0;0.0;0.0;14723;17;14724.0;47.0;0.0;0.0;14722.5;0.0
0;21192.0;14724;67;0.0;0.0;0.0;0.0;14725;67;0.0;0.0;0.0;0.0;14724.5;0.0
0;21193.0;14726;59;0.0;0.0;0.0;0.0;14728;59;0.0;0.0;0.0;0.0;14727.0;0.0
0;21194.0;14725;54;0.0;0.0;0.0;0.0;14726;19;14727.0;35.0;0.0;0.0;14725.5;0.0
0;21195.0;14728;30;14727.0;33.0;0.0;0.0;14729;63;0.0;0.0;0.0;0.0;14728.5;0.0
0;21196.0;14731;58;0.0;0.0;0.0;0.0;14732;69;0.0;0.0;0.0;0.0;14731.5;0.0
0;21197.0;14734;60;0.0;0.0;0.0;0.0;14735;18;14736.0;42.0;0.0;0.0;14734.5;0.0
0;21198.0;14738;70;0.0;0.0;0.0;0.0;14739;70;0.0;0.0;0.0;0.0;14738.5;0.0
0;21199.0;14737;60;0.0;0.0;0.0;0.0;14739;60;0.0;0.0;0.0;0.0;14738.0;0.0
0;21200.0;14737;58;0.0;0.0;0.0;0.0;14738;58;0.0;0.0;0.0;0.0;14737.5;0.0
0;21201.0;14739;73;0.0;0.0;0.0;0.0;14741;73;0.0;0.0;0.0;0.0;14740.0;0.0
0;21202.0;14735;70;0.0;0.0;0.0;0.0;14737;70;0.0;0.0;0.0;0.0;14736.0;0.0
0;21203.0;14736;66;0.0;0.0;0.0;0.0;14737;30;14738.0;36.0;0.0;0.0;14736.5;0.0
0;21204.0;14735;20;14734.0;32.0;0.0;0.0;14736;47;0.0;0.0;0.0;0.0;14735.5;0.0
0;21205.0;14733;70;0.0;0.0;0.0;0.0;14735;70;0.0;0.0;0.0;0.0;14734.0;0.0
0;21206.0;14729;30;14728.0;34.0;0.0;0.0;14730;64;0.0;0.0;0.0;0.0;14729.5;0.0
0;21207.0;14726;64;0.0;0.0;0.0;0.0;14727;30;14728.0;30.0;0.0;0.0;14726.5;0.0
0;21208.0;14726;74;0.0;0.0;0.0;0.0;14727;30;14728.0;44.0;0.0;0.0;14726.5;0.0
0;21209.0;14729;17;14728.0;39.0;0.0;0.0;14730;56;0.0;0.0;0.0;0.0;14729.5;0.0
0;21210.0;14731;72;0.0;0.0;0.0;0.0;14733;72;0.0;0.0;0.0;0.0;14732.0;0.0
0;21211.0;14731;67;0.0;0.0;0.0;0.0;14732;22;14733.0;39.0;0.0;0.0;14731.5;0.0
0;21212.0;14730;74;0.0;0.0;0.0;0.0;14732;74;0.0;0.0;0.0;0.0;14731.0;0.0
0;21213.0;14728;55;0.0;0.0;0.0;0.0;14729;21;14730.0;34.0;0.0;0.0;14728.5;0.0
0;21214.0;14729;69;0.0;0.0;0.0;0.0;14731;69;0.0;0.0;0.0;0.0;14730.0;0.0
0;21215.0;14729;15;14728.0;45.0;0.0;0.0;14730;60;0.0;0.0;0.0;0.0;14729.5;0.0
0;21216.0;14730;62;0.0;0.0;0.0;0.0;14732;62;0.0;0.0;0.0;0.0;14731.0;0.0
0;21217.0;14735;47;0.0;0.0;0.0;0.0;14736;15;14737.0;32.0;0.0;0.0;14735.5;0.0
0;21218.0;14735;64;0.0;0.0;0.0;0.0;14736;16;14737.0;48.0;0.0;0.0;14735.5;0.0
0;21219.0;14731;58;0.0;0.0;0.0;0.0;14732;58;0.0;0.0;0.0;0.0;14731.5;0.0
0;21220.0;14728;57;0.0;0.0;0.0;0.0;14730;57;0.0;0.0;0.0;0.0;14729.0;0.0
0;21221.0;14724;60;0.0;0.0;0.0;0.0;14726;60;0.0;0.0;0.0;0.0;14725.0;0.0
0;21222.0;14721;63;0.0;0.0;0.0;0.0;14722;22;14723.0;41.0;0.0;0.0;14721.5;0.0
0;21223.0;14725;24;14724.0;31.0;0.0;0.0;14726;55;0.0;0.0;0.0;0.0;14725.5;0.0
0;21224.0;14725;55;0.0;0.0;0.0;0.0;14727;55;0.0;0.0;0.0;0.0;14726.0;0.0
0;21225.0;14721;69;0.0;0.0;0.0;0.0;14722;25;14723.0;44.0;0.0;0.0;14721.5;0.0
0;21226.0;14723;54;0.0;0.0;0.0;0.0;14724;54;0.0;0.0;0.0;0.0;14723.5;0.0
0;21227.0;14726;71;0.0;0.0;0.0;0.0;14728;71;0.0;0.0;0.0;0.0;14727.0;0.0
0;21228.0;14725;47;0.0;0.0;0.0;0.0;14727;47;0.0;0.0;0.0;0.0;14726.0;0.0
0;21229.0;14723;67;0.0;0.0;0.0;0.0;14725;67;0.0;0.0;0.0;0.0;14724.0;0.0
0;21230.0;14722;73;0.0;0.0;0.0;0.0;14724;73;0.0;0.0;0.0;0.0;14723.0;0.0
0;21231.0;14723;59;0.0;0.0;0.0;0.0;14725;59;0.0;0.0;0.0;0.0;14724.0;0.0
0;21232.0;14725;52;0.0;0.0;0.0;0.0;14726;19;14727.0;33.0;0.0;0.0;14725.5;0.0
0;21233.0;14728;73;0.0;0.0;0.0;0.0;14730;73;0.0;0.0;0.0;0.0;14729.0;0.0
0;21234.0;14732;23;14731.0;34.0;0.0;0.0;14733;57;0.0;0.0;0.0;0.0;14732.5;0.0
0;21235.0;14735;49;0.0;0.0;0.0;0.0;14736;49;0.0;0.0;0.0;0.0;14735.5;0.0
0;21236.0;14739;68;0.0;0.0;0.0;0.0;14740;68;0.0;0.0;0.0;0.0;14739.5;0.0
0;21237.0;14741;22;14740.0;30.0;0.0;0.0;14742;52;0.0;0.0;0.0;0.0;14741.5;0.0
0;21238.0;14736;68;0.0;0.0;0.0;0.0;14738;68;0.0;0.0;0.0;0.0;14737.0;0.0
0;21239.0;14736;55;0.0;0.0;0.0;0.0;14737;55;0.0;0.0;0.0;0.0;14736.5;0.0
0;21240.0;14737;68;0.0;0.0;0.0;0.0;14738;68;0.0;0.0;0.0;0.0;14737.5;0.0
0;21241.0;14736;17;14735.0;41.0;0.0;0.0;14737;58;0.0;0.0;0.0;0.0;14736.5;0.0
0;21242.0;14738;73;0.0;0.0;0.0;0.0;14740;73;0.0;0.0;0.0;0.0;14739.0;0.0
0;21243.0;14737;58;0.0;0.0;0.0;0.0;14738;19;14739.0;39.0;0.0;0.0;14737.5;0.0
0;21244.0;14735;21;14734.0;37.0;0.0;0.0;14736;58;0.0;0.0;0.0;0.0;14735.5;0.0
0;21245.0;14739;27;14738.0;35.0;0.0;0.0;14740;62;0.0;0.0;0.0;0.0;14739.5;0.0
0;21246.0;14740;57;0.0;0.0;0.0;0.0;14742;57;0.0;0.0;0.0;0.0;14741.0;0.0
0;21247.0;14741;63;0.0;0.0;0.0;0.0;14742;19;14743.0;44.0;0.0;0.0;14741.5;0.0
0;21248.0;14744;22;14743.0;44.0;0.0;0.0;14745;66;0.0;0.0;0.0;0.0;14744.5;0.0
0;21249.0;14747;16;14746.0;47.0;0.0;0.0;14748;63;0.0;0.0;0.0;0.0;14747.5;0.0
0;21250.0;14748;14;14747.0;32.0;0.0;0.0;14749;54;0.0;0.0;0.0;0.0;14748.5;0.0
0;21251.0;14741;16;14740.0;49.0;0.0;0.0;14742;65;0.0;0.0;0.0;0.0;14741.5;0.0
0;21252.0;14739;61;0.0;0.0;0.0;0.0;14740;61;0.0;0.0;0.0;0.0;14739.5;0.0
0;21253.0;14737;68;0.0;0.0;0.0;0.0;14739;68;0.0;0.0;0.0;0.0;14738.0;0.0
0;21254.0;14735;65;0.0;0.0;0.0;0.0;14736;65;0.0;0.0;0.0;0.0;14735.5;0.0
0;21255.0;14735;59;0.0;0.0;0.0;0.0;14737;59;0.0;0.0;0.0;0.0;14736.0;0.0
0;21256.0;14739;15;14738.0;34.0;0.0;0.0;14740;49;0.0;0.0;0.0;0.0;14739.5;0.0
0;21257.0;14737;74;0.0;0.0;0.0;0.0;14739;74;0.0;0.0;0.0;0.0;14738.0;0.0
0;21258.0;14734;62;0.0;0.0;0.0;0.0;14735;16;14736.0;46.0;0.0;0.0;14734.5;0.0
0;21259.0;14740;26;14739.0;46.0;0.0;0.0;14741;72;0.0;0.0;0.0;0.0;14740.5;0.0
0;21260.0;14738;66;0.0;0.0;0.0;0.0;14740;66;0.0;0.0;0.0;0.0;14739.0;0.0
0;21261.0;14735;52;0.0;0.0;0.0;0.0;14736;52;0.0;0.0;0.0;0.0;14735.5;0.0
0;21262.0;14736;29;14735.0;46.0;0.0;0.0;14737;75;0.0;0.0;0.0;0.0;14736.5;0.0
0;21263.0;14737;66;0.0;0.0;0.0;0.0;14738;66;0.0;0.0;0.0;0.0;14737.5;0.0
0;21264.0;14735;53;0.0;0.0;0.0;0.0;14736;53;0.0;0.0;0.0;0.0;14735.5;0.0
0;21265.0;14737;62;0.0;0.0;0.0;0.0;14738;16;14739.0;46.0;0.0;0.0;14737.5;0.0
0;21266.0;14736;25;14735.0;48.0;0.0;0.0;14737;73;0.0;0.0;0.0;0.0;14736.5;0.0
0;21267.0;14733;70;0.0;0.0;0.0;0.0;14734;26;14735.0;44.0;0.0;0.0;14733.5;0.0
0;21268.0;14734;25;14733.0;38.0;0.0;0.0;14735;63;0.0;0.0;0.0;0.0;14734.5;0.0
0;21269.0;14736;19;14735.0;39.0;0.0;0.0;14737;58;0.0;0.0;0.0;0.0;14736.5;0.0
0;21270.0;14734;51;0.0;0.0;0.0;0.0;14735;51;0.0;0.0;0.0;0.0;14734.5;0.0
0;21271.0;14735;65;0.0;0.0;0.0;0.0;14736;65;0.0;0.0;0.0;0.0;14735.5;0.0
0;21272.0;14735;25;14734.0;47.0;0.0;0.0;14736;72;0.0;0.0;0.0;0.0;14735.5;0.0
0;21273.0;14742;67;0.0;0.0;0.0;0.0;14744;67;0.0;0.0;0.0;0.0;14743.0;0.0
0;21274.0;14740;69;0.0;0.0;0.0;0.0;14742;69;0.0;0.0;0.0;0.0;14741.0;0.0
0;21275.0;14744;59;0.0;0.0;0.0;0.0;14746;59;0.0;0.0;0.0;0.0;14745.0;0.0
0;21276.0;14744;65;0.0;0.0;0.0;0.0;14745;24;14746.0;41.0;0.0;0.0;14744.5;0.0
0;21277.0;14744;65;0.0;0.0;0.0;0.0;14745;65;0.0;0.0;0.0;0.0;14744.5;0.0
0;21278.0;14746;52;0.0;0.0;0.0;0.0;14747;52;0.0;0.0;0.0;0.0;14746.5;0.0
0;21279.0;14748;63;0.0;0.0;0.0;0.0;14750;63;0.0;0.0;0.0;0.0;14749.0;0.0
0;21280.0;14752;60;0.0;0.0;0.0;0.0;14753;60;0.0;0.0;0.0;0.0;14752.5;0.0
0;21281.0;14753;27;14752.0;38.0;0.0;0.0;14754;65;0.0;0.0;0.0;0.0;14753.5;0.0
0;21282.0;14751;65;0.0;0.0;0.0;0.0;14752;65;0.0;0.0;0.0;0.0;14751.5;0.0
0;21283.0;14749;60;0.0;0.0;0.0;0.0;14751;60;0.0;0.0;0.0;0.0;14750.0;0.0
0;21284.0;14751;67;0.0;0.0;0.0;0.0;14752;67;0.0;0.0;0.0;0.0;14751.5;0.0
0;21285.0;14752;68;0.0;0.0;0.0;0.0;14754;68;0.0;0.0;0.0;0.0;14753.0;0.0
0;21286.0;14756;64;0.0;0.0;0.0;0.0;14758;64;0.0;0.0;0.0;0.0;14757.0;0.0
0;21287.0;14758;28;14757.0;46.0;0.0;0.0;14759;74;0.0;0.0;0.0;0.0;14758.5;0.0
0;21288.0;14760;69;0.0;0.0;0.0;0.0;14762;69;0.0;0.0;0.0;0.0;14761.0;0.0
0;21289.0;14765;26;14764.0;41.0;0.0;0.0;14766;67;0.0;0.0;0.0;0.0;14765.5;0.0
0;21290.0;14765;76;0.0;0.0;0.0;0.0;14766;29;14767.0;47.0;0.0;0.0;14765.5;0.0
0;21291.0;14761;65;0.0;0.0;0.0;0.0;14762;26;14763.0;33.0;0.0;0.0;14761.5;0.0
0;21292.0;14758;15;14757.0;30.0;0.0;0.0;14759;45;0.0;0.0;0.0;0.0;14758.5;0.0
0;21293.0;14754;17;14753.0;46.0;0.0;0.0;14755;63;0.0;0.0;0.0;0.0;14754.5;0.0
0;21294.0;14758;68;0.0;0.0;0.0;0.0;14759;30;14760.0;38.0;0.0;0.0;14758.5;0.0
0;21295.0;14756;27;14755.0;41.0;0.0;0.0;14757;68;0.0;0.0;0.0;0.0;14756.5;0.0
0;21296.0;14759;51;0.0;0.0;0.0;0.0;14760;21;14761.0;30.0;0.0;0.0;14759.5;0.0
0;21297.0;14761;62;0.0;0.0;0.0;0.0;14762;62;0.0;0.0;0.0;0.0;14761.5;0.0
0;21298.0;14766;18;14765.0;30.0;0.0;0.0;14767;48;0.0;0.0;0.0;0.0;14766.5;0.0
0;21299.0;14768;54;0.0;0.0;0.0;0.0;14770;54;0.0;0.0;0.0;0.0;14769.0;0.0
0;21300.0;14768;58;0.0;0.0;0.0;0.0;14769;20;14770.0;38.0;0.0;0.0;14768.5;0.0
0;21301.0;14767;65;0.0;0.0;0.0;0.0;14769;65;0.0;0.0;0.0;0.0;14768.0;0.0
0;21302.0;14768;29;14767.0;32.0;0.0;0.0;14769;61;0.0;0.0;0.0;0.0;14768.5;0.0
0;21303.0;14768;71;0.0;0.0;0.0;0.0;14769;25;14770.0;46.0;0.0;0.0;14768.5;0.0
0;21304.0;14767;16;14766.0;33.0;0.0;0.0;14768;49;0.0;0.0;0.0;0.0;14767.5;0.0
0;21305.0;14767;17;14766.0;50.0;0.0;0.0;14768;67;0.0;0.0;0.0;0.0;14767.5;0.0
0;21306.0;14771;55;0.0;0.0;0.0;0.0;14772;16;14773.0;39.0;0.0;0.0;14771.5;0.0
0;21307.0;14766;50;0.0;0.0;0.0;0.0;14768;50;0.0;0.0;0.0;0.0;14767.0;0.0
0;21308.0;14767;68;0.0;0.0;0.0;0.0;14768;27;14769.0;41.0;0.0;0.0;14767.5;0.0
0;21309.0;14764;59;0.0;0.0;0.0;0.0;14766;59;0.0;0.0;0.0;0.0;14765.0;0.0
0;21310.0;14765;46;0.0;0.0;0.0;0.0;14766;46;0.0;0.0;0.0;0.0;14765.5;0.0
0;21311.0;14767;65;0.0;0.0;0.0;0.0;14769;65;0.0;0.0;0.0;0.0;14768.0;0.0
0;21312.0;14767;65;0.0;0.0;0.0;0.0;14768;29;14769.0;36.0;0.0;0.0;14767.5;0.0
0;21313.0;14769;69;0.0;0.0;0.0;0.0;14771;69;0.0;0.0;0.0;0.0;14770.0;0.0
0;21314.0;14765;58;0.0;0.0;0.0;0.0;14766;58;0.0;0.0;0.0;0.0;14765.5;0.0
0;21315.0;14768;67;0.0;0.0;0.0;0.0;14769;67;0.0;0.0;0.0;0.0;14768.5;0.0
0;21316.0;14766;56;0.0;0.0;0.0;0.0;14768;56;0.0;0.0;0.0;0.0;14767.0;0.0
0;21317.0;14768;62;0.0;0.0;0.0;0.0;14769;62;0.0;0.0;0.0;0.0;14768.5;0.0
0;21318.0;14768;63;0.0;0.0;0.0;0.0;14770;63;0.0;0.0;0.0;0.0;14769.0;0.0
0;21319.0;14761;64;0.0;0.0;0.0;0.0;14763;64;0.0;0.0;0.0;0.0;14762.0;0.0
0;21320.0;14759;55;0.0;0.0;0.0;0.0;14760;23;14761.0;32.0;0.0;0.0;14759.5;0.0
0;21321.0;14760;29;14759.0;33.0;0.0;0.0;14761;62;0.0;0.0;0.0;0.0;14760.5;0.0
0;21322.0;14764;62;0.0;0.0;0.0;0.0;14765;30;14766.0;32.0;0.0;0.0;14764.5;0.0
0;21323.0;14765;62;0.0;0.0;0.0;0.0;14766;62;0.0;0.0;0.0;0.0;14765.5;0.0
0;21324.0;14766;17;14765.0;35.0;0.0;0.0;14767;52;0.0;0.0;0.0;0.0;14766.5;0.0
0;21325.0;14762;15;14761.0;34.0;0.0;0.0;14763;49;0.0;0.0;0.0;0.0;14762.5;0.0
0;21326.0;14766;24;14765.0;44.0;0.0;0.0;14767;68;0.0;0.0;0.0;0.0;14766.5;0.0
0;21327.0;14771;17;14770.0;32.0;0.0;0.0;14772;49;0.0;0.0;0.0;0.0;14771.5;0.0
0;21328.0;14771;29;14770.0;37.0;0.0;0.0;14772;66;0.0;0.0;0.0;0.0;14771.5;0.0
0;21329.0;14770;73;0.0;0.0;0.0;0.0;14771;27;14772.0;46.0;0.0;0.0;14770.5;0.0
0;21330.0;14765;64;0.0;0.0;0.0;0.0;14767;64;0.0;0.0;0.0;0.0;14766.0;0.0
0;21331.0;14768;54;0.0;0.0;0.0;0.0;14769;54;0.0;0.0;0.0;0.0;14768.5;0.0
0;21332.0;14775;78;0.0;0.0;0.0;0.0;14777;78;0.0;0.0;0.0;0.0;14776.0;0.0
0;21333.0;14777;69;0.0;0.0;0.0;0.0;14779;69;0.0;0.0;0.0;0.0;14778.0;0.0
0;21334.0;14781;69;0.0;0.0;0.0;0.0;14782;29;14783.0;40.0;0.0;0.0;14781.5;0.0
0;21335.0;14782;63;0.0;0.0;0.0;0.0;14784;63;0.0;0.0;0.0;0.0;14783.0;0.0
0;21336.0;14780;62;0.0;0.0;0.0;0.0;14781;62;0.0;0.0;0.0;0.0;14780.5;0.0
0;21337.0;14784;10;14783.0;62.0;0.0;0.0;14785;62;0.0;0.0;0.0;0.0;14784.5;0.0
0;21338.0;14780;67;0.0;0.0;0.0;0.0;14781;19;14782.0;48.0;0.0;0.0;14780.5;0.0
0;21339.0;14779;60;0.0;0.0;0.0;0.0;14781;60;0.0;0.0;0.0;0.0;14780.0;0.0
0;21340.0;14780;70;0.0;0.0;0.0;0.0;14781;23;14782.0;47.0;0.0;0.0;14780.5;0.0
0;21341.0;14783;15;14782.0;31.0;0.0;0.0;14784;46;0.0;0.0;0.0;0.0;14783.5;0.0
0;21342.0;14784;57;0.0;0.0;0.0;0.0;14785;57;0.0;0.0;0.0;0.0;14784.5;0.0
0;21343.0;14785;55;0.0;0.0;0.0;0.0;14786;55;0.0;0.0;0.0;0.0;14785.5;0.0
