day;timestamp;buyer;seller;currency;price;quantity
-2;1.0;Remy;Valentina;SEASHELLS;5003.0;1
-2;2.0;Ruby;Valentina;SEASHELLS;5004.0;6
-2;10.0;Rhianna;Valentina;SEASHELLS;5001.0;2
-2;11.0;Vinnie;Ruby;SEASHELLS;4997.0;2
-2;12.0;Valentina;Remy;SEASHELLS;4997.0;1
-2;16.0;Remy;Valentina;SEASHELLS;5003.0;1
-2;19.0;Ruby;Valentina;SEASHELLS;5001.0;10
-2;19.0;Ruby;Vladimir;SEASHELLS;5001.0;1
-2;19.0;Remy;Vladimir;SEASHELLS;5002.0;1
-2;21.0;Remy;Vladimir;SEASHELLS;5002.0;1
-2;22.0;Rhianna;Valentina;SEASHELLS;5001.0;4
-2;26.0;Valentina;Ruby;SEASHELLS;4996.0;11
-2;33.0;Valentina;Remy;SEASHELLS;4996.0;1
-2;34.0;Vladimir;Remy;SEASHELLS;4997.0;2
-2;40.0;Remy;Vladimir;SEASHELLS;5002.0;1
-2;43.0;Vinnie;Remy;SEASHELLS;4998.0;1
-2;45.0;Ruby;Vladimir;SEASHELLS;5002.0;2
-2;46.0;Valentina;Ruby;SEASHELLS;4997.0;8
-2;46.0;Vinnie;Ruby;SEASHELLS;4997.0;1
-2;59.0;Valentina;Ruby;SEASHELLS;4999.0;7
-2;66.0;Vinnie;Rhianna;SEASHELLS;5000.0;5
-2;67.0;Valentina;Remy;SEASHELLS;4999.0;1
-2;68.0;Valentina;Remy;SEASHELLS;4998.0;2
-2;68.0;Valentina;Rhianna;SEASHELLS;4999.0;4
-2;72.0;Valentina;Rhianna;SEASHELLS;4999.0;5
-2;73.0;Ruby;Valentina;SEASHELLS;5005.0;4
-2;74.0;Vinnie;Remy;SEASHELLS;4998.0;1
-2;75.0;Remy;Valentina;SEASHELLS;5005.0;1
-2;75.0;Remy;Valentina;SEASHELLS;5003.0;1
-2;79.0;Rhianna;Valentina;SEASHELLS;5002.0;1
-2;79.0;Rhianna;Vladimir;SEASHELLS;5002.0;1
-2;87.0;Remy;Valentina;SEASHELLS;5004.0;1
-2;88.0;Adam;Valentina;SEASHELLS;5002.0;9
-2;88.0;Remy;Valentina;SEASHELLS;5004.0;2
-2;89.0;Remy;Valentina;SEASHELLS;5003.0;1
-2;103.0;Vinnie;Remy;SEASHELLS;4996.0;1
-2;112.0;Amelia;Valentina;SEASHELLS;5005.0;12
-2;112.0;Remy;Valentina;SEASHELLS;5005.0;2
-2;114.0;Valentina;Remy;SEASHELLS;4998.0;1
-2;115.0;Valentina;Remy;SEASHELLS;4997.0;1
-2;121.0;Valentina;Rhianna;SEASHELLS;4999.0;2
-2;121.0;Vladimir;Rhianna;SEASHELLS;4999.0;2
-2;131.0;Rhianna;Valentina;SEASHELLS;5001.0;2
-2;136.0;Valentina;Remy;SEASHELLS;4998.0;1
-2;140.0;Valentina;Remy;SEASHELLS;4998.0;2
-2;144.0;Valentina;Remy;SEASHELLS;4998.0;1
-2;151.0;Vladimir;Remy;SEASHELLS;4998.0;1
-2;165.0;Valentina;Vinnie;SEASHELLS;4998.0;6
-2;171.0;Ruby;Valentina;SEASHELLS;5003.0;9
-2;173.0;Valentina;Remy;SEASHELLS;4996.0;1
-2;175.0;Amelia;Valentina;SEASHELLS;5003.0;10
-2;181.0;Ruby;Valentina;SEASHELLS;5002.0;4
-2;182.0;Valentina;Remy;SEASHELLS;4996.0;1
-2;183.0;Vladimir;Ruby;SEASHELLS;4996.0;8
-2;184.0;Remy;Vladimir;SEASHELLS;5000.0;2
-2;187.0;Valentina;Remy;SEASHELLS;4996.0;1
-2;193.0;Valentina;Remy;SEASHELLS;4996.0;1
-2;195.0;Vinnie;Remy;SEASHELLS;4996.0;1
-2;204.0;Remy;Valentina;SEASHELLS;5002.0;1
-2;210.0;Remy;Valentina;SEASHELLS;5002.0;1
-2;214.0;Remy;Valentina;SEASHELLS;5002.0;1
-2;215.0;Remy;Vladimir;SEASHELLS;5001.0;1
-2;219.0;Remy;Vladimir;SEASHELLS;5001.0;1
-2;224.0;Valentina;Remy;SEASHELLS;4997.0;1
-2;230.0;Valentina;Rhianna;SEASHELLS;4998.0;2
-2;232.0;Remy;Vladimir;SEASHELLS;5001.0;1
-2;241.0;Rhianna;Vladimir;SEASHELLS;5001.0;3
-2;243.0;Valentina;Ruby;SEASHELLS;4996.0;5
-2;246.0;Remy;Valentina;SEASHELLS;5002.0;1
-2;248.0;Ruby;Vladimir;SEASHELLS;5001.0;6
-2;252.0;Remy;Valentina;SEASHELLS;5001.0;1
-2;255.0;Valentina;Ruby;SEASHELLS;4995.0;7
-2;257.0;Remy;Vladimir;SEASHELLS;4999.0;2
-2;264.0;Valentina;Remy;SEASHELLS;4994.0;1
-2;265.0;Valentina;Remy;SEASHELLS;4994.0;1
-2;268.0;Remy;Vladimir;SEASHELLS;4998.0;1
-2;271.0;Valentina;Rhianna;SEASHELLS;4993.0;4
-2;273.0;Valentina;Remy;SEASHELLS;4991.0;1
-2;274.0;Ruby;Valentina;SEASHELLS;4998.0;11
-2;281.0;Remy;Valentina;SEASHELLS;4999.0;1
-2;284.0;Remy;Vladimir;SEASHELLS;4997.0;1
-2;295.0;Remy;Valentina;SEASHELLS;4998.0;2
-2;300.0;Remy;Vladimir;SEASHELLS;4995.0;1
-2;304.0;Remy;Valentina;SEASHELLS;4996.0;1
-2;305.0;Valentina;Remy;SEASHELLS;4991.0;1
-2;310.0;Valentina;Remy;SEASHELLS;4992.0;1
-2;311.0;Valentina;Remy;SEASHELLS;4992.0;1
-2;313.0;Valentina;Remy;SEASHELLS;4992.0;1
-2;314.0;Remy;Valentina;SEASHELLS;4997.0;1
-2;315.0;Ruby;Valentina;SEASHELLS;4999.0;4
-2;322.0;Valentina;Remy;SEASHELLS;4991.0;1
-2;328.0;Remy;Valentina;SEASHELLS;4996.0;1
-2;329.0;Valentina;Remy;SEASHELLS;4990.0;2
-2;329.0;Vinnie;Amelia;SEASHELLS;4991.0;2
-2;333.0;Vladimir;Remy;SEASHELLS;4990.0;1
-2;334.0;Remy;Adam;SEASHELLS;4995.0;1
-2;334.0;Valentina;Adam;SEASHELLS;4991.0;8
-2;340.0;Remy;Valentina;SEASHELLS;4995.0;1
-2;341.0;Remy;Remy;SEASHELLS;4995.0;1
-2;351.0;Valentina;Rhianna;SEASHELLS;4993.0;4
-2;354.0;Vladimir;Remy;SEASHELLS;4993.0;1
-2;359.0;Vladimir;Remy;SEASHELLS;4993.0;1
-2;363.0;Valentina;Rhianna;SEASHELLS;4994.0;3
-2;364.0;Remy;Valentina;SEASHELLS;4999.0;1
-2;369.0;Vinnie;Remy;SEASHELLS;4993.0;1
-2;373.0;Amelia;Valentina;SEASHELLS;4998.0;10
-2;381.0;Valentina;Amelia;SEASHELLS;4991.0;11
-2;386.0;Remy;Vladimir;SEASHELLS;4996.0;1
-2;389.0;Vinnie;Rhianna;SEASHELLS;4993.0;5
-2;390.0;Valentina;Remy;SEASHELLS;4991.0;2
-2;394.0;Vinnie;Remy;SEASHELLS;4993.0;1
-2;395.0;Vladimir;Remy;SEASHELLS;4993.0;1
-2;396.0;Remy;Valentina;SEASHELLS;4998.0;1
-2;399.0;Valentina;Rhianna;SEASHELLS;4993.0;4
-2;402.0;Vinnie;Amelia;SEASHELLS;4992.0;1
-2;403.0;Rhianna;Valentina;SEASHELLS;4997.0;5
-2;404.0;Valentina;Rhianna;SEASHELLS;4994.0;2
-2;407.0;Vladimir;Remy;SEASHELLS;4992.0;1
-2;408.0;Rhianna;Valentina;SEASHELLS;4996.0;3
-2;410.0;Valentina;Rhianna;SEASHELLS;4992.0;3
-2;412.0;Adam;Remy;SEASHELLS;4991.0;1
-2;412.0;Adam;Valentina;SEASHELLS;4995.0;9
-2;417.0;Valentina;Remy;SEASHELLS;4990.0;1
-2;430.0;Remy;Vladimir;SEASHELLS;4993.0;1
-2;432.0;Remy;Vladimir;SEASHELLS;4994.0;2
-2;432.0;Valentina;Amelia;SEASHELLS;4989.0;14
-2;436.0;Valentina;Remy;SEASHELLS;4990.0;1
-2;440.0;Valentina;Remy;SEASHELLS;4990.0;1
-2;440.0;Remy;Valentina;SEASHELLS;4997.0;2
-2;448.0;Remy;Valentina;SEASHELLS;4995.0;1
-2;452.0;Valentina;Remy;SEASHELLS;4988.0;1
-2;464.0;Vladimir;Remy;SEASHELLS;4987.0;1
-2;469.0;Vinnie;Remy;SEASHELLS;4987.0;1
-2;469.0;Valentina;Remy;SEASHELLS;4986.0;2
-2;473.0;Remy;Valentina;SEASHELLS;4992.0;1
-2;474.0;Vinnie;Ruby;SEASHELLS;4988.0;2
-2;478.0;Vinnie;Remy;SEASHELLS;4988.0;1
-2;484.0;Valentina;Remy;SEASHELLS;4988.0;1
-2;487.0;Valentina;Remy;SEASHELLS;4989.0;1
-2;487.0;Remy;Vladimir;SEASHELLS;4994.0;1
-2;490.0;Valentina;Remy;SEASHELLS;4988.0;1
-2;494.0;Remy;Valentina;SEASHELLS;4994.0;1
-2;498.0;Vladimir;Remy;SEASHELLS;4988.0;2
-2;500.0;Valentina;Remy;SEASHELLS;4986.0;1
-2;501.0;Vladimir;Ruby;SEASHELLS;4986.0;5
-2;503.0;Vinnie;Remy;SEASHELLS;4986.0;1
-2;504.0;Vinnie;Remy;SEASHELLS;4986.0;1
-2;505.0;Vladimir;Remy;SEASHELLS;4986.0;2
-2;511.0;Vladimir;Remy;SEASHELLS;4986.0;1
-2;514.0;Remy;Valentina;SEASHELLS;4990.0;1
-2;517.0;Remy;Vladimir;SEASHELLS;4990.0;1
-2;523.0;Valentina;Remy;SEASHELLS;4985.0;1
-2;524.0;Vinnie;Remy;SEASHELLS;4985.0;1
-2;537.0;Valentina;Remy;SEASHELLS;4985.0;1
-2;538.0;Remy;Valentina;SEASHELLS;4992.0;2
-2;544.0;Valentina;Ruby;SEASHELLS;4986.0;11
-2;547.0;Valentina;Remy;SEASHELLS;4986.0;1
-2;548.0;Remy;Valentina;SEASHELLS;4990.0;1
-2;553.0;Remy;Vladimir;SEASHELLS;4989.0;1
-2;562.0;Amelia;Valentina;SEASHELLS;4990.0;14
-2;562.0;Remy;Valentina;SEASHELLS;4990.0;1
-2;564.0;Vinnie;Remy;SEASHELLS;4983.0;1
-2;566.0;Vladimir;Remy;SEASHELLS;4982.0;1
-2;571.0;Remy;Vinnie;SEASHELLS;4989.0;1
-2;572.0;Valentina;Rhianna;SEASHELLS;4985.0;3
-2;573.0;Valentina;Rhianna;SEASHELLS;4985.0;4
-2;575.0;Remy;Valentina;SEASHELLS;4990.0;1
-2;578.0;Valentina;Remy;SEASHELLS;4985.0;2
-2;579.0;Valentina;Remy;SEASHELLS;4984.0;1
-2;584.0;Remy;Vladimir;SEASHELLS;4988.0;1
-2;589.0;Valentina;Ruby;SEASHELLS;4982.0;5
-2;589.0;Vinnie;Remy;SEASHELLS;4983.0;1
-2;591.0;Ruby;Valentina;SEASHELLS;4991.0;10
-2;599.0;Valentina;Vinnie;SEASHELLS;4985.0;5
-2;600.0;Valentina;Remy;SEASHELLS;4983.0;1
-2;601.0;Remy;Valentina;SEASHELLS;4987.0;1
-2;603.0;Valentina;Remy;SEASHELLS;4983.0;1
-2;603.0;Vinnie;Remy;SEASHELLS;4983.0;1
-2;606.0;Valentina;Rhianna;SEASHELLS;4985.0;3
-2;607.0;Valentina;Remy;SEASHELLS;4984.0;1
-2;612.0;Remy;Valentina;SEASHELLS;4990.0;2
-2;612.0;Rhianna;Valentina;SEASHELLS;4987.0;5
-2;614.0;Remy;Vladimir;SEASHELLS;4987.0;1
-2;624.0;Remy;Vladimir;SEASHELLS;4987.0;1
-2;627.0;Valentina;Remy;SEASHELLS;4984.0;1
-2;630.0;Ruby;Vladimir;SEASHELLS;4989.0;6
-2;630.0;Ruby;Valentina;SEASHELLS;4989.0;1
-2;631.0;Valentina;Vinnie;SEASHELLS;4986.0;6
-2;631.0;Vinnie;Adam;SEASHELLS;4984.0;1
-2;631.0;Valentina;Adam;SEASHELLS;4984.0;9
-2;633.0;Vladimir;Remy;SEASHELLS;4984.0;1
-2;634.0;Remy;Valentina;SEASHELLS;4991.0;2
-2;639.0;Vinnie;Ruby;SEASHELLS;4983.0;1
-2;643.0;Valentina;Remy;SEASHELLS;4982.0;2
-2;646.0;Remy;Valentina;SEASHELLS;4989.0;2
-2;647.0;Remy;Vladimir;SEASHELLS;4988.0;1
-2;655.0;Vladimir;Remy;SEASHELLS;4983.0;1
-2;657.0;Vladimir;Remy;SEASHELLS;4983.0;1
-2;659.0;Vladimir;Remy;SEASHELLS;4983.0;1
-2;663.0;Valentina;Adam;SEASHELLS;4983.0;8
-2;671.0;Vladimir;Remy;SEASHELLS;4984.0;1
-2;673.0;Remy;Valentina;SEASHELLS;4989.0;1
-2;675.0;Valentina;Remy;SEASHELLS;4983.0;2
-2;678.0;Rhianna;Valentina;SEASHELLS;4988.0;4
-2;680.0;Vladimir;Remy;SEASHELLS;4984.0;2
-2;681.0;Valentina;Remy;SEASHELLS;4984.0;1
-2;683.0;Remy;Valentina;SEASHELLS;4989.0;1
-2;687.0;Remy;Rhianna;SEASHELLS;4985.0;1
-2;690.0;Remy;Valentina;SEASHELLS;4990.0;1
-2;691.0;Valentina;Amelia;SEASHELLS;4984.0;9
-2;694.0;Remy;Valentina;SEASHELLS;4992.0;2
-2;695.0;Remy;Valentina;SEASHELLS;4991.0;1
-2;697.0;Vladimir;Amelia;SEASHELLS;4986.0;1
-2;697.0;Valentina;Amelia;SEASHELLS;4986.0;8
-2;705.0;Valentina;Remy;SEASHELLS;4985.0;0
-2;705.0;Vinnie;Adam;SEASHELLS;4985.0;1
-2;705.0;Valentina;Adam;SEASHELLS;4985.0;7
-2;705.0;Vinnie;Remy;SEASHELLS;4985.0;1
-2;715.0;Valentina;Remy;SEASHELLS;4984.0;1
-2;722.0;Adam;Valentina;SEASHELLS;4988.0;9
-2;727.0;Remy;Vladimir;SEASHELLS;4990.0;1
-2;740.0;Valentina;Remy;SEASHELLS;4982.0;1
-2;745.0;Remy;Vinnie;SEASHELLS;4987.0;1
-2;751.0;Valentina;Amelia;SEASHELLS;4981.0;9
-2;751.0;Valentina;Ruby;SEASHELLS;4981.0;10
-2;753.0;Valentina;Remy;SEASHELLS;4982.0;1
-2;756.0;Vinnie;Remy;SEASHELLS;4983.0;1
-2;765.0;Valentina;Remy;SEASHELLS;4984.0;1
-2;765.0;Amelia;Vinnie;SEASHELLS;4987.0;3
-2;775.0;Valentina;Vinnie;SEASHELLS;4987.0;6
-2;779.0;Valentina;Rhianna;SEASHELLS;4985.0;4
-2;779.0;Remy;Rhianna;SEASHELLS;4985.0;1
-2;782.0;Remy;Valentina;SEASHELLS;4989.0;1
-2;784.0;Vladimir;Remy;SEASHELLS;4985.0;2
-2;789.0;Vinnie;Remy;SEASHELLS;4984.0;1
-2;791.0;Remy;Vinnie;SEASHELLS;4989.0;1
-2;799.0;Valentina;Rhianna;SEASHELLS;4983.0;4
-2;802.0;Remy;Valentina;SEASHELLS;4986.0;1
-2;806.0;Valentina;Remy;SEASHELLS;4981.0;1
-2;814.0;Remy;Valentina;SEASHELLS;4986.0;1
-2;819.0;Valentina;Remy;SEASHELLS;4981.0;1
-2;820.0;Valentina;Vinnie;SEASHELLS;4984.0;4
-2;822.0;Valentina;Remy;SEASHELLS;4981.0;1
-2;825.0;Valentina;Rhianna;SEASHELLS;4983.0;4
-2;827.0;Valentina;Remy;SEASHELLS;4981.0;1
-2;833.0;Valentina;Remy;SEASHELLS;4982.0;2
-2;834.0;Valentina;Amelia;SEASHELLS;4982.0;15
-2;835.0;Rhianna;Valentina;SEASHELLS;4987.0;3
-2;841.0;Ruby;Vladimir;SEASHELLS;4987.0;4
-2;843.0;Remy;Amelia;SEASHELLS;4987.0;1
-2;847.0;Remy;Vinnie;SEASHELLS;4989.0;2
-2;848.0;Remy;Valentina;SEASHELLS;4988.0;1
-2;849.0;Ruby;Vinnie;SEASHELLS;4989.0;1
-2;858.0;Valentina;Remy;SEASHELLS;4982.0;2
-2;860.0;Vladimir;Remy;SEASHELLS;4983.0;1
-2;861.0;Remy;Vinnie;SEASHELLS;4989.0;1
-2;861.0;Valentina;Remy;SEASHELLS;4983.0;1
-2;864.0;Valentina;Remy;SEASHELLS;4983.0;1
-2;873.0;Vladimir;Remy;SEASHELLS;4983.0;1
-2;880.0;Adam;Valentina;SEASHELLS;4987.0;10
-2;886.0;Valentina;Ruby;SEASHELLS;4985.0;10
-2;887.0;Valentina;Rhianna;SEASHELLS;4986.0;4
-2;889.0;Valentina;Vinnie;SEASHELLS;4987.0;4
-2;889.0;Valentina;Rhianna;SEASHELLS;4986.0;5
-2;890.0;Remy;Valentina;SEASHELLS;4989.0;1
-2;892.0;Remy;Rhianna;SEASHELLS;4985.0;1
-2;892.0;Valentina;Rhianna;SEASHELLS;4985.0;2
-2;895.0;Remy;Vladimir;SEASHELLS;4990.0;1
-2;895.0;Rhianna;Vladimir;SEASHELLS;4989.0;3
-2;901.0;Vladimir;Remy;SEASHELLS;4984.0;1
-2;902.0;Remy;Valentina;SEASHELLS;4990.0;1
-2;903.0;Valentina;Ruby;SEASHELLS;4982.0;4
-2;909.0;Ruby;Vinnie;SEASHELLS;4987.0;3
-2;911.0;Vinnie;Remy;SEASHELLS;4985.0;1
-2;916.0;Rhianna;Remy;SEASHELLS;4990.0;1
-2;920.0;Vladimir;Remy;SEASHELLS;4986.0;1
-2;924.0;Vladimir;Remy;SEASHELLS;4987.0;1
-2;925.0;Rhianna;Vladimir;SEASHELLS;4991.0;2
-2;926.0;Valentina;Remy;SEASHELLS;4986.0;1
-2;932.0;Rhianna;Valentina;SEASHELLS;4990.0;2
-2;932.0;Rhianna;Vladimir;SEASHELLS;4990.0;2
-2;934.0;Vladimir;Remy;SEASHELLS;4986.0;1
-2;944.0;Valentina;Remy;SEASHELLS;4985.0;1
-2;952.0;Valentina;Remy;SEASHELLS;4985.0;2
-2;954.0;Vladimir;Remy;SEASHELLS;4987.0;1
-2;957.0;Remy;Valentina;SEASHELLS;4991.0;1
-2;959.0;Valentina;Remy;SEASHELLS;4986.0;1
-2;960.0;Remy;Vladimir;SEASHELLS;4991.0;1
-2;962.0;Valentina;Remy;SEASHELLS;4986.0;1
-2;963.0;Valentina;Remy;SEASHELLS;4986.0;1
-2;965.0;Valentina;Ruby;SEASHELLS;4986.0;9
-2;966.0;Ruby;Valentina;SEASHELLS;4993.0;6
-2;969.0;Remy;Valentina;SEASHELLS;4991.0;1
-2;971.0;Valentina;Rhianna;SEASHELLS;4987.0;2
-2;974.0;Remy;Valentina;SEASHELLS;4993.0;1
-2;982.0;Remy;Valentina;SEASHELLS;4993.0;1
-2;983.0;Vinnie;Remy;SEASHELLS;4989.0;1
-2;984.0;Valentina;Rhianna;SEASHELLS;4989.0;4
-2;985.0;Valentina;Remy;SEASHELLS;4988.0;1
-2;986.0;Adam;Vladimir;SEASHELLS;4992.0;3
-2;988.0;Ruby;Valentina;SEASHELLS;4994.0;6
-2;989.0;Vinnie;Remy;SEASHELLS;4988.0;1
-2;989.0;Ruby;Valentina;SEASHELLS;4994.0;5
-2;994.0;Valentina;Vinnie;SEASHELLS;4990.0;2
-2;995.0;Amelia;Valentina;SEASHELLS;4995.0;8
-2;1001.0;Valentina;Ruby;SEASHELLS;4987.0;14
-2;1002.0;Valentina;Remy;SEASHELLS;4987.0;1
-2;1015.0;Vinnie;Ruby;SEASHELLS;4987.0;2
-2;1023.0;Remy;Valentina;SEASHELLS;4991.0;2
-2;1026.0;Remy;Valentina;SEASHELLS;4990.0;1
-2;1032.0;Valentina;Remy;SEASHELLS;4984.0;2
-2;1034.0;Rhianna;Valentina;SEASHELLS;4988.0;2
-2;1037.0;Remy;Ruby;SEASHELLS;4990.0;1
-2;1042.0;Valentina;Ruby;SEASHELLS;4983.0;7
-2;1045.0;Rhianna;Valentina;SEASHELLS;4989.0;3
-2;1045.0;Rhianna;Remy;SEASHELLS;4989.0;2
-2;1048.0;Valentina;Remy;SEASHELLS;4985.0;1
-2;1049.0;Vladimir;Remy;SEASHELLS;4985.0;1
-2;1053.0;Valentina;Remy;SEASHELLS;4986.0;1
-2;1062.0;Ruby;Valentina;SEASHELLS;4991.0;8
-2;1069.0;Remy;Valentina;SEASHELLS;4990.0;2
-2;1070.0;Valentina;Adam;SEASHELLS;4984.0;10
-2;1076.0;Remy;Valentina;SEASHELLS;4990.0;2
-2;1078.0;Remy;Valentina;SEASHELLS;4990.0;2
-2;1082.0;Vladimir;Adam;SEASHELLS;4983.0;4
-2;1085.0;Remy;Valentina;SEASHELLS;4987.0;1
-2;1087.0;Valentina;Rhianna;SEASHELLS;4984.0;2
-2;1089.0;Vinnie;Remy;SEASHELLS;4983.0;1
-2;1090.0;Remy;Valentina;SEASHELLS;4989.0;1
-2;1095.0;Remy;Valentina;SEASHELLS;4988.0;1
-2;1097.0;Amelia;Valentina;SEASHELLS;4990.0;12
-2;1100.0;Remy;Vladimir;SEASHELLS;4988.0;1
-2;1104.0;Valentina;Ruby;SEASHELLS;4983.0;8
-2;1114.0;Rhianna;Remy;SEASHELLS;4986.0;1
-2;1117.0;Remy;Rhianna;SEASHELLS;4984.0;1
-2;1124.0;Vladimir;Remy;SEASHELLS;4981.0;1
-2;1125.0;Remy;Valentina;SEASHELLS;4986.0;1
-2;1126.0;Valentina;Remy;SEASHELLS;4981.0;1
-2;1132.0;Remy;Valentina;SEASHELLS;4985.0;1
-2;1133.0;Valentina;Remy;SEASHELLS;4980.0;1
-2;1135.0;Remy;Vladimir;SEASHELLS;4984.0;2
-2;1138.0;Remy;Vladimir;SEASHELLS;4984.0;1
-2;1139.0;Valentina;Remy;SEASHELLS;4979.0;1
-2;1140.0;Vladimir;Remy;SEASHELLS;4979.0;1
-2;1144.0;Valentina;Remy;SEASHELLS;4979.0;1
-2;1151.0;Valentina;Remy;SEASHELLS;4980.0;1
-2;1153.0;Valentina;Remy;SEASHELLS;4980.0;1
-2;1154.0;Remy;Vladimir;SEASHELLS;4986.0;1
-2;1157.0;Valentina;Rhianna;SEASHELLS;4981.0;3
-2;1159.0;Remy;Valentina;SEASHELLS;4984.0;1
-2;1167.0;Valentina;Vinnie;SEASHELLS;4981.0;3
-2;1168.0;Remy;Valentina;SEASHELLS;4983.0;1
-2;1170.0;Valentina;Vinnie;SEASHELLS;4981.0;5
-2;1178.0;Remy;Valentina;SEASHELLS;4984.0;1
-2;1181.0;Vladimir;Remy;SEASHELLS;4977.0;1
-2;1184.0;Rhianna;Vladimir;SEASHELLS;4980.0;2
-2;1187.0;Valentina;Remy;SEASHELLS;4975.0;1
-2;1191.0;Remy;Vladimir;SEASHELLS;4980.0;1
-2;1194.0;Remy;Valentina;SEASHELLS;4981.0;1
-2;1196.0;Vinnie;Remy;SEASHELLS;4974.0;1
-2;1198.0;Vladimir;Remy;SEASHELLS;4974.0;1
-2;1203.0;Valentina;Remy;SEASHELLS;4973.0;1
-2;1208.0;Vladimir;Remy;SEASHELLS;4973.0;1
-2;1209.0;Remy;Remy;SEASHELLS;4978.0;1
-2;1214.0;Ruby;Valentina;SEASHELLS;4981.0;9
-2;1221.0;Valentina;Adam;SEASHELLS;4975.0;9
-2;1228.0;Valentina;Remy;SEASHELLS;4973.0;1
-2;1231.0;Vladimir;Remy;SEASHELLS;4973.0;1
-2;1232.0;Valentina;Remy;SEASHELLS;4973.0;1
-2;1233.0;Remy;Valentina;SEASHELLS;4978.0;1
-2;1234.0;Adam;Valentina;SEASHELLS;4978.0;9
-2;1241.0;Remy;Valentina;SEASHELLS;4977.0;1
-2;1250.0;Remy;Valentina;SEASHELLS;4976.0;2
-2;1252.0;Vinnie;Remy;SEASHELLS;4970.0;1
-2;1253.0;Remy;Vladimir;SEASHELLS;4974.0;1
-2;1254.0;Remy;Valentina;SEASHELLS;4976.0;2
-2;1255.0;Valentina;Remy;SEASHELLS;4969.0;2
-2;1274.0;Valentina;Ruby;SEASHELLS;4970.0;6
-2;1274.0;Valentina;Remy;SEASHELLS;4970.0;1
-2;1277.0;Vinnie;Remy;SEASHELLS;4969.0;1
-2;1290.0;Rhianna;Valentina;SEASHELLS;4974.0;3
-2;1293.0;Valentina;Remy;SEASHELLS;4969.0;2
-2;1297.0;Remy;Vladimir;SEASHELLS;4975.0;1
-2;1298.0;Valentina;Remy;SEASHELLS;4970.0;1
-2;1299.0;Vladimir;Remy;SEASHELLS;4970.0;1
-2;1303.0;Valentina;Remy;SEASHELLS;4970.0;1
-2;1304.0;Valentina;Remy;SEASHELLS;4970.0;1
-2;1305.0;Valentina;Remy;SEASHELLS;4969.0;1
-2;1306.0;Ruby;Valentina;SEASHELLS;4976.0;12
-2;1321.0;Remy;Valentina;SEASHELLS;4975.0;1
-2;1324.0;Vinnie;Remy;SEASHELLS;4971.0;1
-2;1328.0;Valentina;Rhianna;SEASHELLS;4968.0;3
-2;1335.0;Remy;Valentina;SEASHELLS;4975.0;1
-2;1338.0;Remy;Valentina;SEASHELLS;4974.0;1
-2;1342.0;Adam;Vladimir;SEASHELLS;4973.0;1
-2;1342.0;Adam;Valentina;SEASHELLS;4973.0;9
-2;1343.0;Valentina;Rhianna;SEASHELLS;4969.0;2
-2;1348.0;Remy;Valentina;SEASHELLS;4974.0;1
-2;1353.0;Valentina;Amelia;SEASHELLS;4967.0;15
-2;1357.0;Valentina;Remy;SEASHELLS;4967.0;1
-2;1366.0;Valentina;Remy;SEASHELLS;4968.0;1
-2;1366.0;Remy;Valentina;SEASHELLS;4975.0;2
-2;1370.0;Vladimir;Remy;SEASHELLS;4968.0;1
-2;1371.0;Ruby;Valentina;SEASHELLS;4974.0;9
-2;1405.0;Remy;Vladimir;SEASHELLS;4971.0;1
-2;1409.0;Vladimir;Remy;SEASHELLS;4966.0;1
-2;1410.0;Valentina;Remy;SEASHELLS;4965.0;1
-2;1413.0;Valentina;Ruby;SEASHELLS;4964.0;11
-2;1415.0;Remy;Valentina;SEASHELLS;4969.0;1
-2;1417.0;Remy;Vladimir;SEASHELLS;4969.0;1
-2;1418.0;Adam;Valentina;SEASHELLS;4968.0;10
-2;1421.0;Valentina;Amelia;SEASHELLS;4964.0;11
-2;1425.0;Remy;Valentina;SEASHELLS;4970.0;1
-2;1429.0;Amelia;Valentina;SEASHELLS;4970.0;13
-2;1429.0;Remy;Valentina;SEASHELLS;4968.0;1
-2;1429.0;Rhianna;Valentina;SEASHELLS;4967.0;4
-2;1432.0;Valentina;Remy;SEASHELLS;4963.0;2
-2;1433.0;Valentina;Remy;SEASHELLS;4963.0;1
-2;1439.0;Valentina;Remy;SEASHELLS;4964.0;1
-2;1443.0;Remy;Valentina;SEASHELLS;4969.0;2
-2;1449.0;Remy;Vladimir;SEASHELLS;4968.0;1
-2;1459.0;Remy;Valentina;SEASHELLS;4967.0;1
-2;1460.0;Remy;Valentina;SEASHELLS;4969.0;1
-2;1460.0;Remy;Valentina;SEASHELLS;4968.0;1
-2;1461.0;Remy;Amelia;SEASHELLS;4967.0;1
-2;1463.0;Valentina;Ruby;SEASHELLS;4962.0;10
-2;1464.0;Remy;Valentina;SEASHELLS;4970.0;2
-2;1470.0;Valentina;Rhianna;SEASHELLS;4964.0;3
-2;1470.0;Valentina;Remy;SEASHELLS;4963.0;1
-2;1471.0;Ruby;Valentina;SEASHELLS;4969.0;8
-2;1472.0;Valentina;Rhianna;SEASHELLS;4964.0;4
-2;1474.0;Vinnie;Remy;SEASHELLS;4963.0;1
-2;1475.0;Valentina;Remy;SEASHELLS;4962.0;1
-2;1479.0;Remy;Valentina;SEASHELLS;4967.0;1
-2;1481.0;Vinnie;Remy;SEASHELLS;4964.0;1
-2;1482.0;Valentina;Rhianna;SEASHELLS;4963.0;3
-2;1483.0;Remy;Remy;SEASHELLS;4967.0;1
-2;1484.0;Valentina;Adam;SEASHELLS;4962.0;10
-2;1486.0;Remy;Valentina;SEASHELLS;4966.0;1
-2;1488.0;Vladimir;Remy;SEASHELLS;4961.0;1
-2;1489.0;Valentina;Amelia;SEASHELLS;4961.0;9
-2;1495.0;Valentina;Vinnie;SEASHELLS;4963.0;3
-2;1501.0;Rhianna;Remy;SEASHELLS;4964.0;1
-2;1501.0;Rhianna;Vladimir;SEASHELLS;4964.0;1
-2;1502.0;Remy;Vladimir;SEASHELLS;4964.0;1
-2;1503.0;Remy;Vladimir;SEASHELLS;4965.0;1
-2;1504.0;Valentina;Remy;SEASHELLS;4959.0;1
-2;1515.0;Valentina;Remy;SEASHELLS;4960.0;1
-2;1520.0;Valentina;Remy;SEASHELLS;4960.0;1
-2;1522.0;Remy;Valentina;SEASHELLS;4966.0;2
-2;1524.0;Valentina;Remy;SEASHELLS;4959.0;1
-2;1529.0;Rhianna;Valentina;SEASHELLS;4965.0;3
-2;1535.0;Valentina;Vinnie;SEASHELLS;4963.0;2
-2;1536.0;Remy;Vinnie;SEASHELLS;4967.0;1
-2;1537.0;Vladimir;Remy;SEASHELLS;4961.0;1
-2;1540.0;Valentina;Remy;SEASHELLS;4961.0;1
-2;1541.0;Valentina;Adam;SEASHELLS;4963.0;10
-2;1548.0;Ruby;Vladimir;SEASHELLS;4967.0;7
-2;1548.0;Valentina;Remy;SEASHELLS;4962.0;1
-2;1549.0;Valentina;Remy;SEASHELLS;4962.0;1
-2;1557.0;Remy;Vinnie;SEASHELLS;4969.0;1
-2;1563.0;Valentina;Rhianna;SEASHELLS;4964.0;5
-2;1565.0;Ruby;Valentina;SEASHELLS;4969.0;7
-2;1568.0;Remy;Valentina;SEASHELLS;4969.0;2
-2;1571.0;Amelia;Vinnie;SEASHELLS;4969.0;2
-2;1571.0;Amelia;Valentina;SEASHELLS;4969.0;9
-2;1575.0;Vinnie;Remy;SEASHELLS;4964.0;1
-2;1578.0;Remy;Valentina;SEASHELLS;4972.0;1
-2;1580.0;Remy;Rhianna;SEASHELLS;4966.0;2
-2;1581.0;Valentina;Remy;SEASHELLS;4965.0;1
-2;1584.0;Vladimir;Remy;SEASHELLS;4965.0;1
-2;1586.0;Valentina;Remy;SEASHELLS;4965.0;1
-2;1593.0;Valentina;Remy;SEASHELLS;4964.0;2
-2;1595.0;Valentina;Amelia;SEASHELLS;4965.0;8
-2;1596.0;Valentina;Remy;SEASHELLS;4964.0;1
-2;1600.0;Valentina;Remy;SEASHELLS;4964.0;2
-2;1603.0;Vinnie;Remy;SEASHELLS;4964.0;1
-2;1604.0;Remy;Valentina;SEASHELLS;4969.0;1
-2;1605.0;Vladimir;Remy;SEASHELLS;4963.0;1
-2;1608.0;Vinnie;Remy;SEASHELLS;4963.0;1
-2;1609.0;Amelia;Valentina;SEASHELLS;4969.0;13
-2;1613.0;Valentina;Rhianna;SEASHELLS;4964.0;3
-2;1615.0;Amelia;Valentina;SEASHELLS;4969.0;13
-2;1619.0;Valentina;Remy;SEASHELLS;4962.0;1
-2;1621.0;Remy;Valentina;SEASHELLS;4968.0;2
-2;1624.0;Valentina;Remy;SEASHELLS;4962.0;2
-2;1625.0;Valentina;Remy;SEASHELLS;4962.0;1
-2;1628.0;Vladimir;Remy;SEASHELLS;4962.0;1
-2;1629.0;Valentina;Remy;SEASHELLS;4961.0;2
-2;1632.0;Remy;Vladimir;SEASHELLS;4967.0;1
-2;1634.0;Remy;Valentina;SEASHELLS;4969.0;1
-2;1637.0;Valentina;Vinnie;SEASHELLS;4966.0;2
-2;1638.0;Valentina;Ruby;SEASHELLS;4963.0;4
-2;1650.0;Vladimir;Rhianna;SEASHELLS;4964.0;3
-2;1656.0;Remy;Vladimir;SEASHELLS;4968.0;1
-2;1658.0;Remy;Vladimir;SEASHELLS;4968.0;1
-2;1667.0;Valentina;Rhianna;SEASHELLS;4964.0;3
-2;1668.0;Valentina;Remy;SEASHELLS;4963.0;1
-2;1674.0;Remy;Valentina;SEASHELLS;4968.0;2
-2;1683.0;Valentina;Remy;SEASHELLS;4960.0;1
-2;1693.0;Vinnie;Remy;SEASHELLS;4959.0;1
-2;1694.0;Valentina;Vinnie;SEASHELLS;4962.0;3
-2;1696.0;Ruby;Valentina;SEASHELLS;4966.0;12
-2;1697.0;Remy;Valentina;SEASHELLS;4966.0;1
-2;1701.0;Remy;Vladimir;SEASHELLS;4965.0;2
-2;1701.0;Rhianna;Remy;SEASHELLS;4964.0;1
-2;1703.0;Remy;Valentina;SEASHELLS;4967.0;1
-2;1705.0;Amelia;Valentina;SEASHELLS;4967.0;12
-2;1718.0;Remy;Vladimir;SEASHELLS;4964.0;1
-2;1721.0;Valentina;Amelia;SEASHELLS;4959.0;13
-2;1737.0;Remy;Valentina;SEASHELLS;4965.0;1
-2;1742.0;Remy;Valentina;SEASHELLS;4963.0;1
-2;1745.0;Valentina;Vinnie;SEASHELLS;4960.0;3
-2;1748.0;Rhianna;Valentina;SEASHELLS;4961.0;2
-2;1750.0;Remy;Vladimir;SEASHELLS;4962.0;1
-2;1753.0;Remy;Vladimir;SEASHELLS;4963.0;1
-2;1753.0;Valentina;Remy;SEASHELLS;4958.0;2
-2;1756.0;Remy;Valentina;SEASHELLS;4964.0;1
-2;1757.0;Remy;Valentina;SEASHELLS;4963.0;1
-2;1761.0;Vinnie;Remy;SEASHELLS;4958.0;1
-2;1766.0;Remy;Vinnie;SEASHELLS;4963.0;1
-2;1770.0;Valentina;Rhianna;SEASHELLS;4959.0;2
-2;1773.0;Vinnie;Adam;SEASHELLS;4958.0;1
-2;1773.0;Vladimir;Adam;SEASHELLS;4958.0;7
-2;1774.0;Valentina;Rhianna;SEASHELLS;4959.0;2
-2;1783.0;Remy;Valentina;SEASHELLS;4962.0;1
-2;1786.0;Valentina;Ruby;SEASHELLS;4956.0;13
-2;1788.0;Valentina;Adam;SEASHELLS;4957.0;7
-2;1789.0;Valentina;Rhianna;SEASHELLS;4958.0;4
-2;1797.0;Valentina;Adam;SEASHELLS;4959.0;7
-2;1801.0;Valentina;Remy;SEASHELLS;4957.0;1
-2;1806.0;Vinnie;Remy;SEASHELLS;4956.0;1
-2;1815.0;Valentina;Remy;SEASHELLS;4957.0;1
-2;1816.0;Vladimir;Ruby;SEASHELLS;4957.0;2
-2;1819.0;Remy;Vladimir;SEASHELLS;4961.0;2
-2;1832.0;Vladimir;Remy;SEASHELLS;4957.0;1
-2;1835.0;Vinnie;Remy;SEASHELLS;4957.0;1
-2;1843.0;Valentina;Remy;SEASHELLS;4955.0;1
-2;1845.0;Amelia;Valentina;SEASHELLS;4961.0;9
-2;1851.0;Valentina;Remy;SEASHELLS;4955.0;1
-2;1856.0;Vladimir;Amelia;SEASHELLS;4956.0;7
-2;1856.0;Valentina;Amelia;SEASHELLS;4956.0;7
-2;1861.0;Valentina;Remy;SEASHELLS;4955.0;1
-2;1866.0;Valentina;Remy;SEASHELLS;4955.0;1
-2;1869.0;Valentina;Remy;SEASHELLS;4955.0;1
-2;1874.0;Remy;Valentina;SEASHELLS;4959.0;1
-2;1875.0;Ruby;Valentina;SEASHELLS;4961.0;13
-2;1876.0;Adam;Remy;SEASHELLS;4955.0;1
-2;1877.0;Amelia;Valentina;SEASHELLS;4961.0;15
-2;1878.0;Remy;Vladimir;SEASHELLS;4960.0;1
-2;1885.0;Valentina;Remy;SEASHELLS;4954.0;1
-2;1888.0;Remy;Valentina;SEASHELLS;4958.0;1
-2;1890.0;Remy;Valentina;SEASHELLS;4958.0;1
-2;1894.0;Vladimir;Remy;SEASHELLS;4954.0;1
-2;1896.0;Vinnie;Ruby;SEASHELLS;4954.0;2
-2;1898.0;Remy;Valentina;SEASHELLS;4961.0;1
-2;1899.0;Amelia;Valentina;SEASHELLS;4961.0;11
-2;1914.0;Ruby;Valentina;SEASHELLS;4960.0;7
-2;1916.0;Valentina;Remy;SEASHELLS;4953.0;2
-2;1917.0;Valentina;Remy;SEASHELLS;4954.0;1
-2;1932.0;Vinnie;Remy;SEASHELLS;4954.0;1
-2;1937.0;Amelia;Valentina;SEASHELLS;4958.0;10
-2;1937.0;Amelia;Remy;SEASHELLS;4958.0;2
-2;1937.0;Amelia;Vladimir;SEASHELLS;4958.0;3
-2;1947.0;Remy;Vladimir;SEASHELLS;4956.0;2
-2;1954.0;Ruby;Valentina;SEASHELLS;4958.0;11
-2;1962.0;Valentina;Remy;SEASHELLS;4951.0;1
-2;1965.0;Valentina;Remy;SEASHELLS;4952.0;1
-2;1967.0;Remy;Valentina;SEASHELLS;4956.0;1
-2;1968.0;Vladimir;Remy;SEASHELLS;4952.0;2
-2;1969.0;Valentina;Rhianna;SEASHELLS;4952.0;5
-2;1974.0;Remy;Vladimir;SEASHELLS;4954.0;1
-2;1974.0;Remy;Valentina;SEASHELLS;4954.0;1
-2;1981.0;Remy;Vladimir;SEASHELLS;4954.0;1
-2;1982.0;Remy;Valentina;SEASHELLS;4954.0;1
-2;1985.0;Valentina;Remy;SEASHELLS;4949.0;1
-2;1985.0;Valentina;Vinnie;SEASHELLS;4952.0;2
-2;1986.0;Valentina;Ruby;SEASHELLS;4949.0;11
-2;1990.0;Remy;Valentina;SEASHELLS;4954.0;1
-2;1991.0;Rhianna;Valentina;SEASHELLS;4955.0;14
-2;1991.0;Vladimir;Remy;SEASHELLS;4949.0;1
-2;1991.0;Rhianna;Vinnie;SEASHELLS;4954.0;1
-2;1995.0;Remy;Valentina;SEASHELLS;4955.0;1
-2;1995.0;Remy;Vinnie;SEASHELLS;4955.0;1
-2;1996.0;Rhianna;Vladimir;SEASHELLS;4954.0;5
-2;2000.0;Valentina;Remy;SEASHELLS;4950.0;1
-2;2003.0;Rhianna;Vladimir;SEASHELLS;4956.0;3
-2;2004.0;Vinnie;Remy;SEASHELLS;4952.0;1
-2;2004.0;Valentina;Remy;SEASHELLS;4952.0;1
-2;2006.0;Remy;Valentina;SEASHELLS;4958.0;2
-2;2007.0;Valentina;Remy;SEASHELLS;4952.0;2
-2;2024.0;Amelia;Valentina;SEASHELLS;4961.0;8
-2;2025.0;Vladimir;Remy;SEASHELLS;4955.0;1
-2;2030.0;Valentina;Remy;SEASHELLS;4955.0;2
-2;2037.0;Valentina;Rhianna;SEASHELLS;4957.0;2
-2;2040.0;Remy;Valentina;SEASHELLS;4962.0;2
-2;2043.0;Adam;Valentina;SEASHELLS;4961.0;4
-2;2043.0;Adam;Rhianna;SEASHELLS;4958.0;4
-2;2043.0;Amelia;Valentina;SEASHELLS;4963.0;11
-2;2050.0;Remy;Valentina;SEASHELLS;4961.0;1
-2;2053.0;Vinnie;Remy;SEASHELLS;4957.0;2
-2;2054.0;Remy;Valentina;SEASHELLS;4963.0;1
-2;2065.0;Valentina;Remy;SEASHELLS;4957.0;1
-2;2067.0;Vinnie;Ruby;SEASHELLS;4957.0;1
-2;2067.0;Vladimir;Ruby;SEASHELLS;4957.0;3
-2;2072.0;Remy;Valentina;SEASHELLS;4964.0;2
-2;2073.0;Valentina;Remy;SEASHELLS;4956.0;1
-2;2074.0;Valentina;Remy;SEASHELLS;4956.0;1
-2;2078.0;Remy;Valentina;SEASHELLS;4963.0;1
-2;2081.0;Vladimir;Remy;SEASHELLS;4958.0;1
-2;2082.0;Ruby;Valentina;SEASHELLS;4965.0;14
-2;2083.0;Remy;Valentina;SEASHELLS;4963.0;1
-2;2085.0;Valentina;Remy;SEASHELLS;4957.0;1
-2;2094.0;Valentina;Remy;SEASHELLS;4958.0;1
-2;2097.0;Valentina;Remy;SEASHELLS;4959.0;1
-2;2098.0;Valentina;Rhianna;SEASHELLS;4960.0;5
-2;2100.0;Vinnie;Remy;SEASHELLS;4959.0;2
-2;2101.0;Valentina;Vinnie;SEASHELLS;4961.0;3
-2;2103.0;Amelia;Valentina;SEASHELLS;4964.0;11
-2;2114.0;Remy;Valentina;SEASHELLS;4963.0;1
-2;2126.0;Remy;Valentina;SEASHELLS;4964.0;1
-2;2128.0;Vladimir;Remy;SEASHELLS;4959.0;1
-2;2148.0;Vladimir;Remy;SEASHELLS;4957.0;1
-2;2149.0;Valentina;Vinnie;SEASHELLS;4959.0;3
-2;2152.0;Remy;Valentina;SEASHELLS;4963.0;2
-2;2153.0;Valentina;Vinnie;SEASHELLS;4959.0;5
-2;2155.0;Valentina;Vinnie;SEASHELLS;4958.0;3
-2;2165.0;Valentina;Vinnie;SEASHELLS;4957.0;6
-2;2166.0;Valentina;Remy;SEASHELLS;4955.0;1
-2;2168.0;Valentina;Remy;SEASHELLS;4955.0;1
-2;2168.0;Valentina;Ruby;SEASHELLS;4955.0;8
-2;2172.0;Remy;Rhianna;SEASHELLS;4956.0;1
-2;2172.0;Valentina;Rhianna;SEASHELLS;4956.0;2
-2;2180.0;Vladimir;Remy;SEASHELLS;4958.0;1
-2;2185.0;Remy;Valentina;SEASHELLS;4964.0;1
-2;2196.0;Remy;Ruby;SEASHELLS;4959.0;1
-2;2200.0;Remy;Valentina;SEASHELLS;4958.0;1
-2;2202.0;Remy;Remy;SEASHELLS;4958.0;1
-2;2204.0;Valentina;Remy;SEASHELLS;4952.0;2
-2;2209.0;Valentina;Remy;SEASHELLS;4954.0;1
-2;2216.0;Remy;Valentina;SEASHELLS;4958.0;1
-2;2218.0;Valentina;Remy;SEASHELLS;4953.0;1
-2;2219.0;Valentina;Amelia;SEASHELLS;4953.0;12
-2;2219.0;Valentina;Vinnie;SEASHELLS;4956.0;6
-2;2226.0;Remy;Vladimir;SEASHELLS;4959.0;2
-2;2233.0;Valentina;Remy;SEASHELLS;4955.0;1
-2;2235.0;Remy;Valentina;SEASHELLS;4960.0;1
-2;2240.0;Amelia;Valentina;SEASHELLS;4960.0;15
-2;2244.0;Remy;Vinnie;SEASHELLS;4959.0;2
-2;2246.0;Remy;Valentina;SEASHELLS;4960.0;1
-2;2247.0;Vladimir;Remy;SEASHELLS;4953.0;1
-2;2250.0;Valentina;Remy;SEASHELLS;4954.0;1
-2;2251.0;Rhianna;Valentina;SEASHELLS;4958.0;4
-2;2256.0;Valentina;Vinnie;SEASHELLS;4955.0;3
-2;2259.0;Valentina;Remy;SEASHELLS;4953.0;1
-2;2261.0;Vladimir;Remy;SEASHELLS;4953.0;2
-2;2262.0;Remy;Valentina;SEASHELLS;4959.0;1
-2;2264.0;Adam;Valentina;SEASHELLS;4956.0;5
-2;2264.0;Adam;Ruby;SEASHELLS;4956.0;5
-2;2268.0;Valentina;Remy;SEASHELLS;4951.0;1
-2;2269.0;Remy;Vinnie;SEASHELLS;4956.0;1
-2;2269.0;Valentina;Vinnie;SEASHELLS;4953.0;4
-2;2276.0;Vladimir;Remy;SEASHELLS;4950.0;1
-2;2277.0;Remy;Valentina;SEASHELLS;4955.0;1
-2;2278.0;Remy;Vinnie;SEASHELLS;4956.0;1
-2;2279.0;Valentina;Remy;SEASHELLS;4949.0;1
-2;2280.0;Remy;Valentina;SEASHELLS;4954.0;1
-2;2305.0;Valentina;Remy;SEASHELLS;4951.0;1
-2;2307.0;Rhianna;Valentina;SEASHELLS;4954.0;2
-2;2307.0;Remy;Vladimir;SEASHELLS;4955.0;1
-2;2307.0;Rhianna;Remy;SEASHELLS;4954.0;2
-2;2312.0;Remy;Valentina;SEASHELLS;4956.0;1
-2;2326.0;Valentina;Remy;SEASHELLS;4953.0;1
-2;2328.0;Valentina;Remy;SEASHELLS;4953.0;1
-2;2332.0;Remy;Valentina;SEASHELLS;4960.0;1
-2;2340.0;Valentina;Ruby;SEASHELLS;4953.0;4
-2;2346.0;Valentina;Remy;SEASHELLS;4954.0;1
-2;2355.0;Remy;Valentina;SEASHELLS;4960.0;1
-2;2365.0;Valentina;Remy;SEASHELLS;4956.0;2
-2;2366.0;Valentina;Remy;SEASHELLS;4957.0;1
-2;2366.0;Amelia;Valentina;SEASHELLS;4964.0;13
-2;2368.0;Valentina;Remy;SEASHELLS;4957.0;1
-2;2370.0;Valentina;Vinnie;SEASHELLS;4958.0;4
-2;2371.0;Remy;Valentina;SEASHELLS;4962.0;1
-2;2373.0;Vinnie;Adam;SEASHELLS;4956.0;1
-2;2378.0;Vladimir;Remy;SEASHELLS;4956.0;1
-2;2380.0;Remy;Vinnie;SEASHELLS;4961.0;1
-2;2381.0;Remy;Valentina;SEASHELLS;4962.0;1
-2;2384.0;Amelia;Valentina;SEASHELLS;4961.0;13
-2;2388.0;Valentina;Remy;SEASHELLS;4953.0;2
-2;2392.0;Vinnie;Remy;SEASHELLS;4953.0;1
-2;2393.0;Remy;Valentina;SEASHELLS;4958.0;1
-2;2394.0;Rhianna;Vladimir;SEASHELLS;4957.0;5
-2;2411.0;Valentina;Remy;SEASHELLS;4953.0;1
-2;2413.0;Valentina;Remy;SEASHELLS;4954.0;1
-2;2416.0;Valentina;Remy;SEASHELLS;4954.0;1
-2;2417.0;Valentina;Vinnie;SEASHELLS;4957.0;2
-2;2418.0;Remy;Valentina;SEASHELLS;4960.0;2
-2;2425.0;Valentina;Amelia;SEASHELLS;4954.0;11
-2;2427.0;Remy;Valentina;SEASHELLS;4958.0;1
-2;2430.0;Remy;Vladimir;SEASHELLS;4958.0;1
-2;2432.0;Vinnie;Remy;SEASHELLS;4952.0;1
-2;2433.0;Valentina;Rhianna;SEASHELLS;4953.0;3
-2;2435.0;Remy;Remy;SEASHELLS;4957.0;1
-2;2437.0;Ruby;Valentina;SEASHELLS;4959.0;10
-2;2437.0;Adam;Remy;SEASHELLS;4952.0;1
-2;2437.0;Adam;Valentina;SEASHELLS;4957.0;6
-2;2438.0;Valentina;Remy;SEASHELLS;4952.0;2
-2;2444.0;Valentina;Amelia;SEASHELLS;4952.0;8
-2;2448.0;Remy;Valentina;SEASHELLS;4958.0;1
-2;2453.0;Valentina;Remy;SEASHELLS;4954.0;1
-2;2454.0;Valentina;Amelia;SEASHELLS;4954.0;12
-2;2468.0;Valentina;Rhianna;SEASHELLS;4957.0;4
-2;2474.0;Vladimir;Remy;SEASHELLS;4956.0;1
-2;2475.0;Remy;Vladimir;SEASHELLS;4961.0;1
-2;2477.0;Valentina;Remy;SEASHELLS;4957.0;1
-2;2478.0;Vladimir;Remy;SEASHELLS;4957.0;2
-2;2485.0;Valentina;Remy;SEASHELLS;4956.0;1
-2;2488.0;Valentina;Adam;SEASHELLS;4956.0;10
-2;2495.0;Valentina;Remy;SEASHELLS;4956.0;1
-2;2500.0;Remy;Valentina;SEASHELLS;4960.0;1
-2;2506.0;Remy;Valentina;SEASHELLS;4962.0;2
-2;2507.0;Remy;Amelia;SEASHELLS;4960.0;1
-2;2514.0;Valentina;Remy;SEASHELLS;4954.0;1
-2;2520.0;Valentina;Adam;SEASHELLS;4955.0;8
-2;2520.0;Valentina;Ruby;SEASHELLS;4954.0;15
-2;2525.0;Valentina;Vinnie;SEASHELLS;4957.0;2
-2;2529.0;Valentina;Remy;SEASHELLS;4956.0;2
-2;2536.0;Vinnie;Remy;SEASHELLS;4955.0;1
-2;2538.0;Valentina;Remy;SEASHELLS;4955.0;1
-2;2541.0;Remy;Valentina;SEASHELLS;4962.0;2
-2;2545.0;Valentina;Vinnie;SEASHELLS;4958.0;3
-2;2548.0;Remy;Valentina;SEASHELLS;4963.0;1
-2;2551.0;Valentina;Remy;SEASHELLS;4955.0;1
-2;2552.0;Vinnie;Remy;SEASHELLS;4956.0;1
-2;2555.0;Valentina;Remy;SEASHELLS;4956.0;1
-2;2561.0;Remy;Vladimir;SEASHELLS;4959.0;1
-2;2562.0;Rhianna;Valentina;SEASHELLS;4958.0;4
-2;2566.0;Ruby;Valentina;SEASHELLS;4960.0;6
-2;2568.0;Ruby;Vladimir;SEASHELLS;4958.0;7
-2;2570.0;Remy;Vladimir;SEASHELLS;4959.0;1
-2;2572.0;Remy;Valentina;SEASHELLS;4959.0;1
-2;2577.0;Valentina;Remy;SEASHELLS;4954.0;1
-2;2583.0;Valentina;Remy;SEASHELLS;4953.0;2
-2;2585.0;Adam;Remy;SEASHELLS;4952.0;1
-2;2594.0;Valentina;Remy;SEASHELLS;4953.0;1
-2;2596.0;Remy;Valentina;SEASHELLS;4957.0;1
-2;2599.0;Vinnie;Adam;SEASHELLS;4951.0;2
-2;2603.0;Valentina;Remy;SEASHELLS;4951.0;1
-2;2604.0;Valentina;Remy;SEASHELLS;4951.0;1
-2;2607.0;Valentina;Remy;SEASHELLS;4951.0;1
-2;2611.0;Remy;Vinnie;SEASHELLS;4956.0;1
-2;2616.0;Vladimir;Remy;SEASHELLS;4952.0;1
-2;2618.0;Ruby;Vladimir;SEASHELLS;4957.0;6
-2;2619.0;Remy;Vladimir;SEASHELLS;4957.0;1
-2;2620.0;Valentina;Remy;SEASHELLS;4952.0;1
-2;2623.0;Remy;Valentina;SEASHELLS;4960.0;2
-2;2629.0;Adam;Valentina;SEASHELLS;4959.0;7
-2;2629.0;Adam;Remy;SEASHELLS;4954.0;1
-2;2630.0;Amelia;Valentina;SEASHELLS;4961.0;13
-2;2630.0;Remy;Valentina;SEASHELLS;4959.0;1
-2;2638.0;Valentina;Remy;SEASHELLS;4954.0;1
-2;2649.0;Remy;Vladimir;SEASHELLS;4958.0;1
-2;2656.0;Valentina;Rhianna;SEASHELLS;4955.0;4
-2;2658.0;Remy;Vladimir;SEASHELLS;4957.0;2
-2;2660.0;Remy;Remy;SEASHELLS;4958.0;1
-2;2661.0;Valentina;Remy;SEASHELLS;4953.0;1
-2;2664.0;Valentina;Remy;SEASHELLS;4953.0;1
-2;2666.0;Remy;Valentina;SEASHELLS;4958.0;1
-2;2669.0;Remy;Valentina;SEASHELLS;4960.0;1
-2;2671.0;Valentina;Ruby;SEASHELLS;4954.0;4
-2;2671.0;Vladimir;Remy;SEASHELLS;4953.0;1
-2;2671.0;Vladimir;Ruby;SEASHELLS;4954.0;4
-2;2686.0;Valentina;Amelia;SEASHELLS;4955.0;9
-2;2689.0;Amelia;Rhianna;SEASHELLS;4957.0;4
-2;2691.0;Valentina;Remy;SEASHELLS;4955.0;2
-2;2693.0;Rhianna;Valentina;SEASHELLS;4959.0;2
-2;2693.0;Remy;Valentina;SEASHELLS;4960.0;1
-2;2699.0;Remy;Remy;SEASHELLS;4960.0;1
-2;2700.0;Remy;Valentina;SEASHELLS;4961.0;1
-2;2702.0;Valentina;Remy;SEASHELLS;4956.0;1
-2;2704.0;Vinnie;Remy;SEASHELLS;4956.0;1
-2;2707.0;Remy;Vladimir;SEASHELLS;4961.0;1
-2;2708.0;Valentina;Remy;SEASHELLS;4957.0;1
-2;2710.0;Remy;Valentina;SEASHELLS;4963.0;2
-2;2718.0;Adam;Vladimir;SEASHELLS;4961.0;4
-2;2718.0;Adam;Remy;SEASHELLS;4956.0;1
-2;2718.0;Adam;Valentina;SEASHELLS;4961.0;3
-2;2722.0;Remy;Valentina;SEASHELLS;4962.0;1
-2;2723.0;Vinnie;Remy;SEASHELLS;4957.0;1
-2;2729.0;Remy;Vinnie;SEASHELLS;4964.0;1
-2;2743.0;Remy;Vladimir;SEASHELLS;4965.0;1
-2;2749.0;Valentina;Adam;SEASHELLS;4960.0;9
-2;2751.0;Remy;Valentina;SEASHELLS;4964.0;1
-2;2769.0;Rhianna;Vladimir;SEASHELLS;4965.0;4
-2;2770.0;Rhianna;Vladimir;SEASHELLS;4965.0;4
-2;2771.0;Valentina;Remy;SEASHELLS;4962.0;1
-2;2771.0;Valentina;Remy;SEASHELLS;4961.0;2
-2;2779.0;Valentina;Rhianna;SEASHELLS;4962.0;5
-2;2781.0;Valentina;Vinnie;SEASHELLS;4963.0;4
-2;2783.0;Vinnie;Remy;SEASHELLS;4961.0;1
-2;2794.0;Valentina;Remy;SEASHELLS;4960.0;1
-2;2795.0;Valentina;Remy;SEASHELLS;4960.0;2
-2;2800.0;Valentina;Remy;SEASHELLS;4960.0;2
-2;2803.0;Vladimir;Rhianna;SEASHELLS;4960.0;2
-2;2804.0;Vladimir;Remy;SEASHELLS;4960.0;1
-2;2805.0;Vladimir;Rhianna;SEASHELLS;4961.0;3
-2;2805.0;Remy;Valentina;SEASHELLS;4966.0;2
-2;2823.0;Vladimir;Remy;SEASHELLS;4961.0;1
-2;2827.0;Ruby;Valentina;SEASHELLS;4968.0;13
-2;2832.0;Valentina;Ruby;SEASHELLS;4961.0;6
-2;2834.0;Remy;Valentina;SEASHELLS;4968.0;2
-2;2846.0;Vinnie;Remy;SEASHELLS;4961.0;2
-2;2848.0;Vladimir;Remy;SEASHELLS;4960.0;1
-2;2852.0;Vinnie;Remy;SEASHELLS;4961.0;1
-2;2853.0;Ruby;Valentina;SEASHELLS;4967.0;5
-2;2858.0;Vinnie;Adam;SEASHELLS;4961.0;2
-2;2861.0;Valentina;Vinnie;SEASHELLS;4963.0;4
-2;2861.0;Remy;Vinnie;SEASHELLS;4963.0;2
-2;2866.0;Amelia;Valentina;SEASHELLS;4965.0;10
-2;2870.0;Vladimir;Rhianna;SEASHELLS;4959.0;2
-2;2871.0;Remy;Vladimir;SEASHELLS;4963.0;1
-2;2882.0;Valentina;Remy;SEASHELLS;4958.0;1
-2;2887.0;Vinnie;Remy;SEASHELLS;4957.0;1
-2;2887.0;Valentina;Rhianna;SEASHELLS;4958.0;4
-2;2890.0;Remy;Vladimir;SEASHELLS;4960.0;1
-2;2890.0;Remy;Vladimir;SEASHELLS;4961.0;1
-2;2895.0;Remy;Valentina;SEASHELLS;4961.0;1
-2;2900.0;Rhianna;Valentina;SEASHELLS;4961.0;3
-2;2903.0;Valentina;Remy;SEASHELLS;4957.0;1
-2;2904.0;Remy;Valentina;SEASHELLS;4963.0;1
-2;2915.0;Valentina;Remy;SEASHELLS;4960.0;1
-2;2918.0;Valentina;Remy;SEASHELLS;4959.0;1
-2;2924.0;Valentina;Remy;SEASHELLS;4957.0;2
-2;2925.0;Valentina;Rhianna;SEASHELLS;4959.0;3
-2;2929.0;Vinnie;Remy;SEASHELLS;4958.0;1
-2;2931.0;Vinnie;Remy;SEASHELLS;4958.0;1
-2;2932.0;Vinnie;Remy;SEASHELLS;4958.0;1
-2;2935.0;Vladimir;Remy;SEASHELLS;4958.0;1
-2;2936.0;Adam;Vinnie;SEASHELLS;4963.0;2
-2;2936.0;Adam;Vladimir;SEASHELLS;4963.0;5
-2;2939.0;Rhianna;Valentina;SEASHELLS;4961.0;5
-2;2943.0;Valentina;Vinnie;SEASHELLS;4959.0;5
-2;2947.0;Valentina;Adam;SEASHELLS;4956.0;9
-2;2948.0;Valentina;Amelia;SEASHELLS;4955.0;12
-2;2950.0;Valentina;Remy;SEASHELLS;4955.0;1
-2;2954.0;Valentina;Remy;SEASHELLS;4956.0;1
-2;2958.0;Remy;Valentina;SEASHELLS;4963.0;2
-2;2959.0;Valentina;Remy;SEASHELLS;4956.0;1
-2;2964.0;Remy;Valentina;SEASHELLS;4963.0;1
-2;2966.0;Valentina;Ruby;SEASHELLS;4958.0;10
-2;2972.0;Remy;Vladimir;SEASHELLS;4964.0;1
-2;2975.0;Remy;Vinnie;SEASHELLS;4968.0;1
-2;2975.0;Valentina;Remy;SEASHELLS;4962.0;1
-2;2976.0;Valentina;Amelia;SEASHELLS;4961.0;11
-2;2982.0;Vinnie;Remy;SEASHELLS;4961.0;1
-2;2987.0;Valentina;Remy;SEASHELLS;4963.0;1
-2;2989.0;Remy;Vladimir;SEASHELLS;4968.0;1
-2;2990.0;Remy;Rhianna;SEASHELLS;4965.0;1
-2;2990.0;Valentina;Rhianna;SEASHELLS;4965.0;1
-2;2995.0;Valentina;Amelia;SEASHELLS;4961.0;11
-2;2997.0;Remy;Vladimir;SEASHELLS;4966.0;1
-2;2998.0;Valentina;Vinnie;SEASHELLS;4964.0;2
-2;2998.0;Remy;Vinnie;SEASHELLS;4966.0;1
-2;3006.0;Valentina;Vinnie;SEASHELLS;4963.0;3
-2;3009.0;Remy;Valentina;SEASHELLS;4967.0;1
-2;3015.0;Remy;Vladimir;SEASHELLS;4965.0;2
-2;3018.0;Valentina;Remy;SEASHELLS;4960.0;1
-2;3019.0;Valentina;Rhianna;SEASHELLS;4961.0;3
-2;3019.0;Valentina;Ruby;SEASHELLS;4960.0;11
-2;3022.0;Rhianna;Valentina;SEASHELLS;4964.0;2
-2;3022.0;Remy;Valentina;SEASHELLS;4966.0;1
-2;3022.0;Remy;Valentina;SEASHELLS;4965.0;1
-2;3026.0;Valentina;Rhianna;SEASHELLS;4960.0;5
-2;3027.0;Valentina;Ruby;SEASHELLS;4959.0;7
-2;3030.0;Vinnie;Remy;SEASHELLS;4960.0;1
-2;3032.0;Remy;Remy;SEASHELLS;4960.0;1
-2;3037.0;Valentina;Remy;SEASHELLS;4961.0;1
-2;3038.0;Valentina;Rhianna;SEASHELLS;4962.0;4
-2;3040.0;Valentina;Adam;SEASHELLS;4962.0;3
-2;3040.0;Vladimir;Adam;SEASHELLS;4962.0;2
-2;3040.0;Vinnie;Adam;SEASHELLS;4962.0;2
-2;3043.0;Valentina;Amelia;SEASHELLS;4961.0;8
-2;3043.0;Valentina;Rhianna;SEASHELLS;4962.0;4
-2;3049.0;Vladimir;Amelia;SEASHELLS;4960.0;5
-2;3058.0;Valentina;Vinnie;SEASHELLS;4961.0;5
-2;3063.0;Valentina;Ruby;SEASHELLS;4960.0;12
-2;3076.0;Vladimir;Remy;SEASHELLS;4960.0;1
-2;3080.0;Remy;Vinnie;SEASHELLS;4966.0;1
-2;3083.0;Vladimir;Remy;SEASHELLS;4960.0;1
-2;3084.0;Valentina;Remy;SEASHELLS;4960.0;1
-2;3085.0;Vladimir;Rhianna;SEASHELLS;4960.0;2
-2;3086.0;Valentina;Remy;SEASHELLS;4959.0;1
-2;3087.0;Vinnie;Remy;SEASHELLS;4959.0;1
-2;3097.0;Valentina;Remy;SEASHELLS;4959.0;2
-2;3104.0;Valentina;Vinnie;SEASHELLS;4961.0;2
-2;3106.0;Ruby;Vinnie;SEASHELLS;4964.0;1
-2;3109.0;Remy;Valentina;SEASHELLS;4963.0;1
-2;3116.0;Valentina;Amelia;SEASHELLS;4957.0;11
-2;3118.0;Vladimir;Remy;SEASHELLS;4958.0;2
-2;3124.0;Valentina;Remy;SEASHELLS;4957.0;2
-2;3132.0;Valentina;Remy;SEASHELLS;4957.0;1
-2;3133.0;Valentina;Remy;SEASHELLS;4957.0;1
-2;3143.0;Amelia;Valentina;SEASHELLS;4961.0;11
-2;3143.0;Rhianna;Valentina;SEASHELLS;4958.0;2
-2;3148.0;Valentina;Remy;SEASHELLS;4955.0;2
-2;3156.0;Amelia;Valentina;SEASHELLS;4962.0;12
-2;3156.0;Amelia;Vladimir;SEASHELLS;4962.0;2
-2;3159.0;Remy;Valentina;SEASHELLS;4964.0;1
-2;3163.0;Remy;Vinnie;SEASHELLS;4964.0;2
-2;3167.0;Remy;Valentina;SEASHELLS;4966.0;1
-2;3169.0;Vladimir;Remy;SEASHELLS;4960.0;1
-2;3170.0;Remy;Valentina;SEASHELLS;4965.0;1
-2;3175.0;Valentina;Remy;SEASHELLS;4960.0;1
-2;3180.0;Remy;Vladimir;SEASHELLS;4964.0;1
-2;3188.0;Remy;Valentina;SEASHELLS;4966.0;1
-2;3189.0;Adam;Rhianna;SEASHELLS;4962.0;3
-2;3196.0;Valentina;Remy;SEASHELLS;4961.0;1
-2;3197.0;Valentina;Vinnie;SEASHELLS;4964.0;5
-2;3204.0;Remy;Valentina;SEASHELLS;4969.0;1
-2;3206.0;Vinnie;Remy;SEASHELLS;4963.0;1
-2;3212.0;Valentina;Vinnie;SEASHELLS;4965.0;4
-2;3214.0;Remy;Valentina;SEASHELLS;4968.0;2
-2;3217.0;Vladimir;Remy;SEASHELLS;4961.0;1
-2;3219.0;Valentina;Remy;SEASHELLS;4960.0;1
-2;3220.0;Vinnie;Remy;SEASHELLS;4960.0;1
-2;3221.0;Valentina;Remy;SEASHELLS;4960.0;1
-2;3222.0;Valentina;Remy;SEASHELLS;4960.0;1
-2;3230.0;Valentina;Remy;SEASHELLS;4960.0;1
-2;3233.0;Amelia;Valentina;SEASHELLS;4966.0;15
-2;3240.0;Valentina;Vinnie;SEASHELLS;4963.0;4
-2;3242.0;Valentina;Remy;SEASHELLS;4960.0;2
-2;3243.0;Rhianna;Valentina;SEASHELLS;4965.0;5
-2;3244.0;Remy;Valentina;SEASHELLS;4966.0;1
-2;3252.0;Valentina;Remy;SEASHELLS;4961.0;1
-2;3256.0;Remy;Vladimir;SEASHELLS;4967.0;1
-2;3263.0;Valentina;Remy;SEASHELLS;4963.0;1
-2;3264.0;Vinnie;Remy;SEASHELLS;4964.0;1
-2;3265.0;Remy;Valentina;SEASHELLS;4969.0;1
-2;3267.0;Remy;Valentina;SEASHELLS;4969.0;1
-2;3268.0;Remy;Vladimir;SEASHELLS;4969.0;1
-2;3270.0;Valentina;Remy;SEASHELLS;4964.0;1
-2;3271.0;Valentina;Amelia;SEASHELLS;4963.0;15
-2;3278.0;Vinnie;Remy;SEASHELLS;4966.0;1
-2;3279.0;Valentina;Remy;SEASHELLS;4966.0;1
-2;3281.0;Adam;Valentina;SEASHELLS;4971.0;7
-2;3285.0;Valentina;Rhianna;SEASHELLS;4968.0;2
-2;3285.0;Valentina;Remy;SEASHELLS;4967.0;1
-2;3287.0;Remy;Valentina;SEASHELLS;4972.0;1
-2;3290.0;Valentina;Remy;SEASHELLS;4967.0;1
-2;3291.0;Remy;Vladimir;SEASHELLS;4972.0;1
-2;3305.0;Vladimir;Remy;SEASHELLS;4968.0;1
-2;3314.0;Valentina;Remy;SEASHELLS;4969.0;1
-2;3317.0;Rhianna;Valentina;SEASHELLS;4973.0;4
-2;3319.0;Vinnie;Remy;SEASHELLS;4972.0;1
-2;3323.0;Vladimir;Ruby;SEASHELLS;4969.0;8
-2;3323.0;Valentina;Ruby;SEASHELLS;4969.0;2
-2;3332.0;Remy;Valentina;SEASHELLS;4976.0;2
-2;3334.0;Valentina;Remy;SEASHELLS;4970.0;1
-2;3337.0;Ruby;Vinnie;SEASHELLS;4972.0;2
-2;3342.0;Valentina;Remy;SEASHELLS;4971.0;1
-2;3344.0;Vladimir;Remy;SEASHELLS;4970.0;1
-2;3346.0;Valentina;Remy;SEASHELLS;4971.0;1
-2;3351.0;Remy;Valentina;SEASHELLS;4976.0;1
-2;3356.0;Valentina;Ruby;SEASHELLS;4970.0;12
-2;3357.0;Valentina;Vinnie;SEASHELLS;4974.0;6
-2;3363.0;Remy;Valentina;SEASHELLS;4979.0;1
-2;3365.0;Remy;Valentina;SEASHELLS;4977.0;1
-2;3367.0;Valentina;Remy;SEASHELLS;4972.0;2
-2;3368.0;Valentina;Remy;SEASHELLS;4972.0;1
-2;3370.0;Vladimir;Remy;SEASHELLS;4972.0;1
-2;3373.0;Rhianna;Remy;SEASHELLS;4975.0;2
-2;3377.0;Valentina;Remy;SEASHELLS;4971.0;1
-2;3379.0;Valentina;Adam;SEASHELLS;4972.0;7
-2;3380.0;Valentina;Remy;SEASHELLS;4972.0;1
-2;3383.0;Valentina;Vinnie;SEASHELLS;4972.0;3
-2;3384.0;Vinnie;Remy;SEASHELLS;4969.0;1
-2;3384.0;Remy;Vladimir;SEASHELLS;4973.0;1
-2;3387.0;Remy;Vladimir;SEASHELLS;4973.0;1
-2;3397.0;Remy;Valentina;SEASHELLS;4974.0;1
-2;3402.0;Remy;Valentina;SEASHELLS;4974.0;1
-2;3406.0;Remy;Valentina;SEASHELLS;4974.0;1
-2;3410.0;Valentina;Amelia;SEASHELLS;4970.0;11
-2;3413.0;Valentina;Rhianna;SEASHELLS;4971.0;3
-2;3414.0;Remy;Valentina;SEASHELLS;4975.0;1
-2;3415.0;Valentina;Remy;SEASHELLS;4970.0;1
-2;3416.0;Remy;Vladimir;SEASHELLS;4976.0;1
-2;3422.0;Valentina;Remy;SEASHELLS;4971.0;1
-2;3424.0;Valentina;Remy;SEASHELLS;4971.0;1
-2;3427.0;Ruby;Adam;SEASHELLS;4971.0;7
-2;3430.0;Remy;Valentina;SEASHELLS;4977.0;2
-2;3438.0;Valentina;Remy;SEASHELLS;4973.0;1
-2;3449.0;Remy;Valentina;SEASHELLS;4978.0;1
-2;3452.0;Valentina;Remy;SEASHELLS;4974.0;1
-2;3456.0;Valentina;Rhianna;SEASHELLS;4974.0;2
-2;3460.0;Vladimir;Remy;SEASHELLS;4974.0;1
-2;3476.0;Remy;Vinnie;SEASHELLS;4979.0;1
-2;3479.0;Vinnie;Remy;SEASHELLS;4973.0;1
-2;3479.0;Amelia;Valentina;SEASHELLS;4979.0;8
-2;3487.0;Remy;Vladimir;SEASHELLS;4979.0;1
-2;3488.0;Valentina;Vinnie;SEASHELLS;4977.0;3
-2;3489.0;Valentina;Remy;SEASHELLS;4975.0;1
-2;3493.0;Valentina;Remy;SEASHELLS;4974.0;1
-2;3495.0;Remy;Valentina;SEASHELLS;4980.0;1
-2;3496.0;Remy;Valentina;SEASHELLS;4980.0;1
-2;3497.0;Valentina;Remy;SEASHELLS;4975.0;1
-2;3505.0;Valentina;Remy;SEASHELLS;4976.0;1
-2;3507.0;Amelia;Valentina;SEASHELLS;4981.0;9
-2;3509.0;Vinnie;Remy;SEASHELLS;4975.0;1
-2;3509.0;Valentina;Remy;SEASHELLS;4975.0;1
-2;3511.0;Remy;Valentina;SEASHELLS;4980.0;1
-2;3515.0;Remy;Valentina;SEASHELLS;4983.0;2
-2;3516.0;Valentina;Remy;SEASHELLS;4976.0;1
-2;3529.0;Valentina;Remy;SEASHELLS;4977.0;1
-2;3529.0;Valentina;Vinnie;SEASHELLS;4980.0;4
-2;3530.0;Remy;Valentina;SEASHELLS;4982.0;1
-2;3532.0;Valentina;Remy;SEASHELLS;4977.0;1
-2;3536.0;Ruby;Valentina;SEASHELLS;4982.0;13
-2;3537.0;Valentina;Adam;SEASHELLS;4977.0;9
-2;3537.0;Valentina;Remy;SEASHELLS;4976.0;2
-2;3543.0;Remy;Vinnie;SEASHELLS;4979.0;1
-2;3544.0;Remy;Adam;SEASHELLS;4981.0;1
-2;3547.0;Rhianna;Valentina;SEASHELLS;4980.0;2
-2;3547.0;Rhianna;Vladimir;SEASHELLS;4980.0;3
-2;3548.0;Remy;Valentina;SEASHELLS;4981.0;1
-2;3552.0;Valentina;Remy;SEASHELLS;4974.0;2
-2;3554.0;Remy;Vladimir;SEASHELLS;4979.0;1
-2;3562.0;Valentina;Remy;SEASHELLS;4975.0;1
-2;3567.0;Valentina;Rhianna;SEASHELLS;4977.0;2
-2;3569.0;Ruby;Valentina;SEASHELLS;4982.0;8
-2;3573.0;Adam;Remy;SEASHELLS;4975.0;1
-2;3573.0;Adam;Valentina;SEASHELLS;4979.0;6
-2;3578.0;Amelia;Vinnie;SEASHELLS;4980.0;2
-2;3579.0;Ruby;Vinnie;SEASHELLS;4980.0;1
-2;3586.0;Valentina;Remy;SEASHELLS;4975.0;1
-2;3587.0;Valentina;Remy;SEASHELLS;4975.0;1
-2;3600.0;Vladimir;Remy;SEASHELLS;4976.0;1
-2;3601.0;Ruby;Valentina;SEASHELLS;4983.0;11
-2;3602.0;Vladimir;Remy;SEASHELLS;4977.0;1
-2;3614.0;Vladimir;Remy;SEASHELLS;4978.0;2
-2;3618.0;Remy;Valentina;SEASHELLS;4983.0;1
-2;3619.0;Vinnie;Ruby;SEASHELLS;4981.0;4
-2;3622.0;Valentina;Amelia;SEASHELLS;4978.0;9
-2;3634.0;Remy;Valentina;SEASHELLS;4984.0;1
-2;3640.0;Valentina;Ruby;SEASHELLS;4979.0;14
-2;3642.0;Remy;Valentina;SEASHELLS;4984.0;1
-2;3647.0;Remy;Valentina;SEASHELLS;4984.0;1
-2;3651.0;Vinnie;Remy;SEASHELLS;4978.0;1
-2;3654.0;Remy;Remy;SEASHELLS;4983.0;1
-2;3660.0;Remy;Valentina;SEASHELLS;4982.0;1
-2;3663.0;Vladimir;Remy;SEASHELLS;4978.0;1
-2;3666.0;Vinnie;Remy;SEASHELLS;4978.0;1
-2;3668.0;Valentina;Remy;SEASHELLS;4978.0;1
-2;3671.0;Valentina;Remy;SEASHELLS;4979.0;1
-2;3671.0;Ruby;Vinnie;SEASHELLS;4985.0;2
-2;3672.0;Valentina;Remy;SEASHELLS;4979.0;1
-2;3681.0;Remy;Valentina;SEASHELLS;4986.0;2
-2;3682.0;Remy;Valentina;SEASHELLS;4985.0;1
-2;3686.0;Valentina;Rhianna;SEASHELLS;4980.0;5
-2;3688.0;Valentina;Vinnie;SEASHELLS;4982.0;3
-2;3688.0;Valentina;Remy;SEASHELLS;4980.0;1
-2;3689.0;Remy;Vladimir;SEASHELLS;4984.0;1
-2;3691.0;Vladimir;Adam;SEASHELLS;4980.0;6
-2;3692.0;Remy;Valentina;SEASHELLS;4986.0;1
-2;3694.0;Vinnie;Remy;SEASHELLS;4979.0;1
-2;3698.0;Rhianna;Valentina;SEASHELLS;4983.0;2
-2;3700.0;Remy;Valentina;SEASHELLS;4984.0;1
-2;3710.0;Valentina;Remy;SEASHELLS;4980.0;2
-2;3710.0;Valentina;Remy;SEASHELLS;4980.0;1
-2;3714.0;Remy;Valentina;SEASHELLS;4985.0;1
-2;3718.0;Valentina;Remy;SEASHELLS;4978.0;1
-2;3727.0;Valentina;Rhianna;SEASHELLS;4980.0;3
-2;3727.0;Valentina;Remy;SEASHELLS;4979.0;1
-2;3728.0;Remy;Valentina;SEASHELLS;4986.0;2
-2;3730.0;Valentina;Remy;SEASHELLS;4980.0;1
-2;3736.0;Valentina;Remy;SEASHELLS;4979.0;1
-2;3739.0;Remy;Vinnie;SEASHELLS;4984.0;1
-2;3739.0;Valentina;Vinnie;SEASHELLS;4981.0;4
-2;3744.0;Valentina;Remy;SEASHELLS;4977.0;1
-2;3752.0;Rhianna;Valentina;SEASHELLS;4982.0;2
-2;3753.0;Vladimir;Remy;SEASHELLS;4978.0;1
-2;3756.0;Valentina;Remy;SEASHELLS;4979.0;1
-2;3758.0;Valentina;Vinnie;SEASHELLS;4981.0;5
-2;3762.0;Remy;Valentina;SEASHELLS;4983.0;1
-2;3764.0;Remy;Valentina;SEASHELLS;4984.0;2
-2;3765.0;Rhianna;Valentina;SEASHELLS;4982.0;3
-2;3768.0;Ruby;Valentina;SEASHELLS;4984.0;8
-2;3781.0;Vladimir;Remy;SEASHELLS;4977.0;1
-2;3782.0;Valentina;Ruby;SEASHELLS;4976.0;8
-2;3783.0;Valentina;Ruby;SEASHELLS;4976.0;8
-2;3793.0;Valentina;Remy;SEASHELLS;4977.0;1
-2;3794.0;Vladimir;Remy;SEASHELLS;4977.0;1
-2;3797.0;Remy;Valentina;SEASHELLS;4982.0;1
-2;3798.0;Valentina;Remy;SEASHELLS;4977.0;2
-2;3799.0;Remy;Valentina;SEASHELLS;4984.0;1
-2;3805.0;Valentina;Remy;SEASHELLS;4977.0;1
-2;3808.0;Remy;Valentina;SEASHELLS;4983.0;1
-2;3812.0;Vinnie;Ruby;SEASHELLS;4977.0;2
-2;3813.0;Remy;Valentina;SEASHELLS;4983.0;2
-2;3816.0;Remy;Valentina;SEASHELLS;4981.0;1
-2;3819.0;Valentina;Remy;SEASHELLS;4975.0;1
-2;3823.0;Remy;Valentina;SEASHELLS;4981.0;1
-2;3827.0;Valentina;Remy;SEASHELLS;4977.0;1
-2;3831.0;Vladimir;Adam;SEASHELLS;4978.0;5
-2;3831.0;Vinnie;Adam;SEASHELLS;4978.0;2
-2;3833.0;Valentina;Remy;SEASHELLS;4978.0;1
-2;3834.0;Remy;Valentina;SEASHELLS;4982.0;1
-2;3837.0;Valentina;Remy;SEASHELLS;4977.0;1
-2;3839.0;Valentina;Remy;SEASHELLS;4978.0;1
-2;3843.0;Valentina;Remy;SEASHELLS;4979.0;2
-2;3846.0;Remy;Valentina;SEASHELLS;4985.0;1
-2;3848.0;Valentina;Ruby;SEASHELLS;4979.0;10
-2;3855.0;Valentina;Remy;SEASHELLS;4978.0;1
-2;3860.0;Valentina;Amelia;SEASHELLS;4978.0;13
-2;3861.0;Remy;Valentina;SEASHELLS;4983.0;1
-2;3866.0;Remy;Vladimir;SEASHELLS;4983.0;1
-2;3867.0;Valentina;Remy;SEASHELLS;4977.0;1
-2;3869.0;Rhianna;Valentina;SEASHELLS;4981.0;2
-2;3877.0;Valentina;Remy;SEASHELLS;4976.0;1
-2;3878.0;Remy;Remy;SEASHELLS;4981.0;1
-2;3880.0;Remy;Valentina;SEASHELLS;4982.0;1
-2;3886.0;Valentina;Rhianna;SEASHELLS;4977.0;2
-2;3891.0;Valentina;Remy;SEASHELLS;4975.0;2
-2;3896.0;Valentina;Remy;SEASHELLS;4975.0;1
-2;3898.0;Valentina;Vinnie;SEASHELLS;4976.0;2
-2;3898.0;Valentina;Rhianna;SEASHELLS;4975.0;4
-2;3900.0;Rhianna;Valentina;SEASHELLS;4978.0;4
-2;3900.0;Rhianna;Vladimir;SEASHELLS;4978.0;1
-2;3901.0;Rhianna;Valentina;SEASHELLS;4977.0;2
-2;3903.0;Vinnie;Remy;SEASHELLS;4974.0;1
-2;3905.0;Valentina;Remy;SEASHELLS;4972.0;2
-2;3905.0;Valentina;Remy;SEASHELLS;4972.0;1
-2;3906.0;Remy;Valentina;SEASHELLS;4977.0;1
-2;3909.0;Vladimir;Remy;SEASHELLS;4971.0;1
-2;3911.0;Remy;Valentina;SEASHELLS;4978.0;1
-2;3913.0;Valentina;Vinnie;SEASHELLS;4975.0;4
-2;3920.0;Adam;Valentina;SEASHELLS;4978.0;7
-2;3921.0;Remy;Valentina;SEASHELLS;4979.0;1
-2;3922.0;Valentina;Remy;SEASHELLS;4975.0;1
-2;3924.0;Adam;Valentina;SEASHELLS;4980.0;10
-2;3930.0;Vladimir;Amelia;SEASHELLS;4978.0;7
-2;3934.0;Vinnie;Remy;SEASHELLS;4979.0;2
-2;3939.0;Remy;Valentina;SEASHELLS;4980.0;1
-2;3940.0;Ruby;Valentina;SEASHELLS;4981.0;4
-2;3944.0;Valentina;Amelia;SEASHELLS;4974.0;14
-2;3946.0;Vinnie;Remy;SEASHELLS;4974.0;1
-2;3948.0;Remy;Vladimir;SEASHELLS;4978.0;1
-2;3954.0;Ruby;Valentina;SEASHELLS;4980.0;14
-2;3961.0;Amelia;Valentina;SEASHELLS;4979.0;10
-2;3967.0;Remy;Valentina;SEASHELLS;4977.0;1
-2;3968.0;Valentina;Remy;SEASHELLS;4971.0;2
-2;3971.0;Remy;Vladimir;SEASHELLS;4977.0;1
-2;3973.0;Valentina;Remy;SEASHELLS;4972.0;1
-2;3981.0;Remy;Valentina;SEASHELLS;4978.0;1
-2;3984.0;Vladimir;Remy;SEASHELLS;4973.0;1
-2;3986.0;Remy;Rhianna;SEASHELLS;4974.0;1
-2;3986.0;Valentina;Rhianna;SEASHELLS;4974.0;4
-2;3988.0;Rhianna;Valentina;SEASHELLS;4975.0;5
-2;3989.0;Valentina;Remy;SEASHELLS;4972.0;1
-2;4002.0;Remy;Vladimir;SEASHELLS;4977.0;1
-2;4005.0;Valentina;Remy;SEASHELLS;4971.0;2
-2;4007.0;Remy;Valentina;SEASHELLS;4977.0;2
-2;4009.0;Vladimir;Remy;SEASHELLS;4972.0;1
-2;4026.0;Remy;Valentina;SEASHELLS;4977.0;1
-2;4027.0;Vinnie;Remy;SEASHELLS;4972.0;1
-2;4033.0;Valentina;Amelia;SEASHELLS;4973.0;7
-2;4033.0;Vladimir;Amelia;SEASHELLS;4973.0;1
-2;4033.0;Vinnie;Amelia;SEASHELLS;4973.0;2
-2;4039.0;Valentina;Remy;SEASHELLS;4974.0;1
-2;4040.0;Remy;Vladimir;SEASHELLS;4979.0;1
-2;4041.0;Valentina;Remy;SEASHELLS;4974.0;1
-2;4050.0;Valentina;Remy;SEASHELLS;4974.0;2
-2;4052.0;Vladimir;Remy;SEASHELLS;4974.0;1
-2;4067.0;Vinnie;Amelia;SEASHELLS;4975.0;1
-2;4073.0;Rhianna;Valentina;SEASHELLS;4978.0;5
-2;4076.0;Remy;Remy;SEASHELLS;4979.0;1
-2;4080.0;Remy;Vladimir;SEASHELLS;4980.0;1
-2;4082.0;Valentina;Rhianna;SEASHELLS;4975.0;2
-2;4091.0;Remy;Vladimir;SEASHELLS;4979.0;1
-2;4092.0;Vinnie;Rhianna;SEASHELLS;4975.0;4
-2;4093.0;Vinnie;Remy;SEASHELLS;4974.0;1
-2;4108.0;Rhianna;Amelia;SEASHELLS;4981.0;2
-2;4109.0;Vinnie;Remy;SEASHELLS;4977.0;1
-2;4111.0;Valentina;Remy;SEASHELLS;4978.0;1
-2;4127.0;Remy;Vladimir;SEASHELLS;4985.0;1
-2;4128.0;Remy;Vladimir;SEASHELLS;4985.0;1
-2;4132.0;Valentina;Remy;SEASHELLS;4979.0;2
-2;4137.0;Vladimir;Remy;SEASHELLS;4980.0;1
-2;4141.0;Remy;Vladimir;SEASHELLS;4983.0;1
-2;4145.0;Vinnie;Remy;SEASHELLS;4980.0;1
-2;4152.0;Remy;Valentina;SEASHELLS;4985.0;1
-2;4165.0;Vinnie;Amelia;SEASHELLS;4980.0;2
-2;4165.0;Vladimir;Amelia;SEASHELLS;4980.0;6
-2;4169.0;Remy;Valentina;SEASHELLS;4985.0;1
-2;4170.0;Remy;Vladimir;SEASHELLS;4984.0;1
-2;4177.0;Valentina;Amelia;SEASHELLS;4980.0;11
-2;4177.0;Valentina;Adam;SEASHELLS;4981.0;8
-2;4179.0;Valentina;Remy;SEASHELLS;4980.0;1
-2;4182.0;Valentina;Remy;SEASHELLS;4980.0;1
-2;4183.0;Valentina;Remy;SEASHELLS;4980.0;1
-2;4184.0;Valentina;Remy;SEASHELLS;4980.0;1
-2;4187.0;Ruby;Vinnie;SEASHELLS;4986.0;2
-2;4187.0;Ruby;Valentina;SEASHELLS;4986.0;4
-2;4189.0;Remy;Valentina;SEASHELLS;4985.0;1
-2;4190.0;Vladimir;Remy;SEASHELLS;4980.0;1
-2;4190.0;Vladimir;Adam;SEASHELLS;4981.0;6
-2;4191.0;Remy;Amelia;SEASHELLS;4986.0;1
-2;4202.0;Remy;Valentina;SEASHELLS;4987.0;1
-2;4206.0;Remy;Valentina;SEASHELLS;4986.0;1
-2;4207.0;Valentina;Remy;SEASHELLS;4982.0;1
-2;4214.0;Valentina;Ruby;SEASHELLS;4982.0;15
-2;4217.0;Remy;Valentina;SEASHELLS;4988.0;1
-2;4220.0;Rhianna;Valentina;SEASHELLS;4988.0;3
-2;4223.0;Vinnie;Remy;SEASHELLS;4984.0;1
-2;4228.0;Vinnie;Ruby;SEASHELLS;4987.0;3
-2;4233.0;Remy;Valentina;SEASHELLS;4989.0;1
-2;4244.0;Vinnie;Remy;SEASHELLS;4985.0;1
-2;4246.0;Valentina;Remy;SEASHELLS;4985.0;1
-2;4247.0;Remy;Valentina;SEASHELLS;4991.0;1
-2;4251.0;Amelia;Valentina;SEASHELLS;4992.0;13
-2;4251.0;Vladimir;Remy;SEASHELLS;4986.0;1
-2;4256.0;Valentina;Ruby;SEASHELLS;4985.0;7
-2;4257.0;Valentina;Remy;SEASHELLS;4985.0;2
-2;4260.0;Valentina;Remy;SEASHELLS;4986.0;1
-2;4264.0;Ruby;Valentina;SEASHELLS;4992.0;5
-2;4264.0;Ruby;Vinnie;SEASHELLS;4992.0;2
-2;4278.0;Valentina;Ruby;SEASHELLS;4985.0;4
-2;4278.0;Vinnie;Ruby;SEASHELLS;4985.0;2
-2;4279.0;Valentina;Remy;SEASHELLS;4984.0;2
-2;4282.0;Remy;Vladimir;SEASHELLS;4989.0;2
-2;4283.0;Valentina;Remy;SEASHELLS;4984.0;1
-2;4284.0;Valentina;Remy;SEASHELLS;4984.0;1
-2;4287.0;Adam;Valentina;SEASHELLS;4989.0;9
-2;4290.0;Remy;Valentina;SEASHELLS;4989.0;1
-2;4291.0;Valentina;Rhianna;SEASHELLS;4985.0;2
-2;4297.0;Ruby;Vladimir;SEASHELLS;4989.0;3
-2;4297.0;Ruby;Valentina;SEASHELLS;4989.0;5
-2;4300.0;Valentina;Rhianna;SEASHELLS;4985.0;4
-2;4301.0;Valentina;Ruby;SEASHELLS;4983.0;12
-2;4315.0;Remy;Vladimir;SEASHELLS;4989.0;1
-2;4316.0;Rhianna;Remy;SEASHELLS;4987.0;1
-2;4316.0;Rhianna;Valentina;SEASHELLS;4987.0;1
-2;4320.0;Valentina;Remy;SEASHELLS;4983.0;1
-2;4320.0;Ruby;Valentina;SEASHELLS;4990.0;13
-2;4331.0;Valentina;Rhianna;SEASHELLS;4984.0;4
-2;4333.0;Remy;Valentina;SEASHELLS;4988.0;1
-2;4335.0;Remy;Valentina;SEASHELLS;4988.0;1
-2;4336.0;Valentina;Ruby;SEASHELLS;4982.0;14
-2;4340.0;Valentina;Amelia;SEASHELLS;4982.0;14
-2;4343.0;Vinnie;Remy;SEASHELLS;4983.0;1
-2;4346.0;Remy;Valentina;SEASHELLS;4988.0;1
-2;4353.0;Remy;Valentina;SEASHELLS;4988.0;1
-2;4363.0;Ruby;Vladimir;SEASHELLS;4990.0;2
-2;4363.0;Remy;Vladimir;SEASHELLS;4990.0;1
-2;4364.0;Remy;Rhianna;SEASHELLS;4987.0;1
-2;4364.0;Vinnie;Rhianna;SEASHELLS;4987.0;2
-2;4365.0;Remy;Vladimir;SEASHELLS;4990.0;1
-2;4369.0;Valentina;Amelia;SEASHELLS;4985.0;8
-2;4370.0;Valentina;Ruby;SEASHELLS;4985.0;8
-2;4373.0;Remy;Vinnie;SEASHELLS;4992.0;1
-2;4380.0;Vladimir;Remy;SEASHELLS;4985.0;1
-2;4384.0;Adam;Valentina;SEASHELLS;4990.0;9
-2;4385.0;Remy;Valentina;SEASHELLS;4991.0;1
-2;4393.0;Valentina;Rhianna;SEASHELLS;4986.0;4
-2;4394.0;Adam;Remy;SEASHELLS;4989.0;1
-2;4395.0;Valentina;Remy;SEASHELLS;4985.0;1
-2;4402.0;Remy;Valentina;SEASHELLS;4989.0;1
-2;4404.0;Remy;Valentina;SEASHELLS;4989.0;1
-2;4407.0;Valentina;Remy;SEASHELLS;4984.0;1
-2;4408.0;Remy;Vladimir;SEASHELLS;4989.0;1
-2;4410.0;Valentina;Remy;SEASHELLS;4984.0;1
-2;4413.0;Valentina;Remy;SEASHELLS;4983.0;2
-2;4422.0;Vinnie;Remy;SEASHELLS;4984.0;1
-2;4424.0;Remy;Vladimir;SEASHELLS;4987.0;1
-2;4425.0;Valentina;Remy;SEASHELLS;4982.0;1
-2;4426.0;Valentina;Rhianna;SEASHELLS;4984.0;3
-2;4430.0;Rhianna;Valentina;SEASHELLS;4987.0;3
-2;4436.0;Vladimir;Remy;SEASHELLS;4983.0;2
-2;4442.0;Valentina;Remy;SEASHELLS;4982.0;2
-2;4445.0;Valentina;Remy;SEASHELLS;4982.0;1
-2;4446.0;Vladimir;Remy;SEASHELLS;4982.0;1
-2;4447.0;Rhianna;Valentina;SEASHELLS;4986.0;5
-2;4448.0;Valentina;Amelia;SEASHELLS;4982.0;9
-2;4450.0;Valentina;Remy;SEASHELLS;4982.0;1
-2;4455.0;Remy;Valentina;SEASHELLS;4988.0;1
-2;4463.0;Valentina;Remy;SEASHELLS;4982.0;1
-2;4475.0;Vladimir;Remy;SEASHELLS;4982.0;1
-2;4478.0;Remy;Valentina;SEASHELLS;4986.0;1
-2;4484.0;Remy;Valentina;SEASHELLS;4986.0;1
-2;4486.0;Remy;Valentina;SEASHELLS;4987.0;2
-2;4490.0;Valentina;Remy;SEASHELLS;4980.0;1
-2;4501.0;Remy;Valentina;SEASHELLS;4984.0;1
-2;4502.0;Valentina;Remy;SEASHELLS;4979.0;2
-2;4504.0;Ruby;Vinnie;SEASHELLS;4985.0;2
-2;4505.0;Remy;Valentina;SEASHELLS;4986.0;1
-2;4506.0;Rhianna;Remy;SEASHELLS;4983.0;1
-2;4511.0;Vinnie;Remy;SEASHELLS;4979.0;1
-2;4512.0;Valentina;Remy;SEASHELLS;4978.0;1
-2;4513.0;Rhianna;Adam;SEASHELLS;4982.0;5
-2;4514.0;Remy;Valentina;SEASHELLS;4983.0;1
-2;4515.0;Valentina;Vinnie;SEASHELLS;4981.0;6
-2;4527.0;Valentina;Remy;SEASHELLS;4979.0;1
-2;4534.0;Amelia;Valentina;SEASHELLS;4983.0;6
-2;4534.0;Amelia;Vinnie;SEASHELLS;4983.0;2
-2;4537.0;Ruby;Valentina;SEASHELLS;4983.0;8
-2;4539.0;Rhianna;Valentina;SEASHELLS;4980.0;3
-2;4544.0;Ruby;Valentina;SEASHELLS;4983.0;12
-2;4546.0;Valentina;Remy;SEASHELLS;4976.0;1
-2;4549.0;Remy;Valentina;SEASHELLS;4982.0;2
-2;4556.0;Valentina;Remy;SEASHELLS;4975.0;1
-2;4557.0;Vinnie;Remy;SEASHELLS;4975.0;1
-2;4562.0;Valentina;Remy;SEASHELLS;4975.0;1
-2;4567.0;Valentina;Vinnie;SEASHELLS;4977.0;3
-2;4568.0;Amelia;Valentina;SEASHELLS;4982.0;11
-2;4576.0;Adam;Valentina;SEASHELLS;4980.0;9
-2;4581.0;Valentina;Vinnie;SEASHELLS;4977.0;5
-2;4586.0;Valentina;Amelia;SEASHELLS;4976.0;7
-2;4586.0;Vinnie;Amelia;SEASHELLS;4976.0;1
-2;4587.0;Vladimir;Remy;SEASHELLS;4976.0;1
-2;4593.0;Remy;Valentina;SEASHELLS;4980.0;1
-2;4594.0;Valentina;Ruby;SEASHELLS;4975.0;13
-2;4594.0;Valentina;Remy;SEASHELLS;4976.0;1
-2;4597.0;Ruby;Vinnie;SEASHELLS;4981.0;1
-2;4597.0;Valentina;Remy;SEASHELLS;4975.0;1
-2;4598.0;Rhianna;Valentina;SEASHELLS;4979.0;3
-2;4600.0;Valentina;Ruby;SEASHELLS;4975.0;7
-2;4602.0;Amelia;Vladimir;SEASHELLS;4979.0;8
-2;4602.0;Amelia;Valentina;SEASHELLS;4979.0;4
-2;4603.0;Vinnie;Amelia;SEASHELLS;4974.0;1
-2;4603.0;Valentina;Amelia;SEASHELLS;4974.0;9
-2;4605.0;Adam;Vladimir;SEASHELLS;4979.0;2
-2;4605.0;Adam;Valentina;SEASHELLS;4979.0;5
-2;4612.0;Vladimir;Remy;SEASHELLS;4975.0;1
-2;4622.0;Valentina;Rhianna;SEASHELLS;4975.0;2
-2;4624.0;Valentina;Ruby;SEASHELLS;4974.0;10
-2;4627.0;Vladimir;Remy;SEASHELLS;4974.0;1
-2;4634.0;Valentina;Adam;SEASHELLS;4975.0;8
-2;4638.0;Remy;Valentina;SEASHELLS;4979.0;1
-2;4639.0;Remy;Valentina;SEASHELLS;4979.0;1
-2;4642.0;Valentina;Remy;SEASHELLS;4974.0;1
-2;4646.0;Vinnie;Remy;SEASHELLS;4977.0;1
-2;4650.0;Amelia;Valentina;SEASHELLS;4980.0;11
-2;4651.0;Valentina;Remy;SEASHELLS;4974.0;1
-2;4653.0;Remy;Rhianna;SEASHELLS;4975.0;2
-2;4656.0;Remy;Valentina;SEASHELLS;4979.0;1
-2;4657.0;Valentina;Remy;SEASHELLS;4974.0;1
-2;4663.0;Vladimir;Remy;SEASHELLS;4975.0;2
-2;4669.0;Vladimir;Remy;SEASHELLS;4974.0;1
-2;4672.0;Remy;Valentina;SEASHELLS;4979.0;1
-2;4672.0;Rhianna;Valentina;SEASHELLS;4978.0;2
-2;4681.0;Valentina;Remy;SEASHELLS;4975.0;1
-2;4684.0;Remy;Vladimir;SEASHELLS;4981.0;1
-2;4686.0;Remy;Valentina;SEASHELLS;4981.0;1
-2;4692.0;Remy;Vinnie;SEASHELLS;4984.0;2
-2;4693.0;Valentina;Ruby;SEASHELLS;4978.0;11
-2;4697.0;Remy;Valentina;SEASHELLS;4983.0;2
-2;4697.0;Remy;Valentina;SEASHELLS;4981.0;1
-2;4697.0;Ruby;Vinnie;SEASHELLS;4982.0;2
-2;4697.0;Ruby;Valentina;SEASHELLS;4982.0;4
-2;4700.0;Valentina;Rhianna;SEASHELLS;4977.0;5
-2;4702.0;Valentina;Remy;SEASHELLS;4976.0;1
-2;4704.0;Remy;Vladimir;SEASHELLS;4983.0;1
-2;4709.0;Remy;Valentina;SEASHELLS;4985.0;2
-2;4711.0;Valentina;Rhianna;SEASHELLS;4980.0;3
-2;4713.0;Remy;Vladimir;SEASHELLS;4984.0;1
-2;4716.0;Valentina;Remy;SEASHELLS;4980.0;1
-2;4717.0;Remy;Vinnie;SEASHELLS;4986.0;1
-2;4717.0;Vladimir;Remy;SEASHELLS;4980.0;1
-2;4721.0;Valentina;Remy;SEASHELLS;4980.0;1
-2;4722.0;Remy;Valentina;SEASHELLS;4987.0;2
-2;4724.0;Valentina;Vinnie;SEASHELLS;4983.0;3
-2;4726.0;Valentina;Vinnie;SEASHELLS;4983.0;6
-2;4729.0;Vinnie;Remy;SEASHELLS;4980.0;1
-2;4730.0;Vinnie;Remy;SEASHELLS;4980.0;1
-2;4737.0;Valentina;Vinnie;SEASHELLS;4983.0;4
-2;4738.0;Vinnie;Remy;SEASHELLS;4981.0;1
-2;4741.0;Remy;Vladimir;SEASHELLS;4987.0;1
-2;4746.0;Remy;Vladimir;SEASHELLS;4987.0;1
-2;4750.0;Valentina;Remy;SEASHELLS;4982.0;1
-2;4752.0;Remy;Valentina;SEASHELLS;4988.0;1
-2;4755.0;Ruby;Valentina;SEASHELLS;4989.0;2
-2;4755.0;Ruby;Vinnie;SEASHELLS;4989.0;2
-2;4760.0;Amelia;Valentina;SEASHELLS;4990.0;15
-2;4762.0;Vladimir;Remy;SEASHELLS;4983.0;1
-2;4764.0;Vinnie;Remy;SEASHELLS;4983.0;1
-2;4764.0;Valentina;Ruby;SEASHELLS;4982.0;6
-2;4766.0;Rhianna;Ruby;SEASHELLS;4986.0;5
-2;4771.0;Remy;Valentina;SEASHELLS;4988.0;1
-2;4776.0;Valentina;Remy;SEASHELLS;4981.0;2
-2;4780.0;Rhianna;Valentina;SEASHELLS;4986.0;3
-2;4780.0;Rhianna;Remy;SEASHELLS;4986.0;2
-2;4781.0;Remy;Vladimir;SEASHELLS;4987.0;1
-2;4783.0;Remy;Valentina;SEASHELLS;4987.0;1
-2;4784.0;Vinnie;Remy;SEASHELLS;4982.0;1
-2;4785.0;Valentina;Remy;SEASHELLS;4982.0;1
-2;4790.0;Valentina;Remy;SEASHELLS;4983.0;1
-2;4797.0;Ruby;Valentina;SEASHELLS;4987.0;11
-2;4797.0;Ruby;Vinnie;SEASHELLS;4987.0;2
-2;4799.0;Remy;Valentina;SEASHELLS;4987.0;1
-2;4801.0;Amelia;Vladimir;SEASHELLS;4987.0;6
-2;4804.0;Remy;Valentina;SEASHELLS;4988.0;1
-2;4808.0;Valentina;Remy;SEASHELLS;4983.0;1
-2;4814.0;Valentina;Remy;SEASHELLS;4983.0;1
-2;4819.0;Valentina;Amelia;SEASHELLS;4982.0;11
-2;4824.0;Valentina;Remy;SEASHELLS;4982.0;1
-2;4829.0;Remy;Valentina;SEASHELLS;4987.0;1
-2;4834.0;Remy;Valentina;SEASHELLS;4989.0;1
-2;4836.0;Remy;Valentina;SEASHELLS;4988.0;1
-2;4841.0;Remy;Vladimir;SEASHELLS;4989.0;1
-2;4843.0;Remy;Vladimir;SEASHELLS;4990.0;1
-2;4845.0;Remy;Valentina;SEASHELLS;4991.0;1
-2;4849.0;Valentina;Remy;SEASHELLS;4986.0;2
-2;4850.0;Vladimir;Remy;SEASHELLS;4987.0;2
-2;4856.0;Vladimir;Remy;SEASHELLS;4987.0;2
-2;4858.0;Ruby;Vinnie;SEASHELLS;4993.0;2
-2;4860.0;Vinnie;Remy;SEASHELLS;4987.0;1
-2;4863.0;Adam;Valentina;SEASHELLS;4992.0;10
-2;4868.0;Amelia;Vladimir;SEASHELLS;4993.0;1
-2;4869.0;Remy;Valentina;SEASHELLS;4994.0;1
-2;4871.0;Vladimir;Remy;SEASHELLS;4990.0;1
-2;4874.0;Valentina;Remy;SEASHELLS;4990.0;1
-2;4878.0;Remy;Vladimir;SEASHELLS;4997.0;1
-2;4883.0;Remy;Valentina;SEASHELLS;4998.0;2
-2;4886.0;Remy;Valentina;SEASHELLS;4996.0;1
-2;4893.0;Valentina;Rhianna;SEASHELLS;4992.0;3
-2;4897.0;Amelia;Valentina;SEASHELLS;4996.0;11
-2;4899.0;Valentina;Remy;SEASHELLS;4989.0;1
-2;4905.0;Valentina;Remy;SEASHELLS;4988.0;1
-2;4911.0;Remy;Valentina;SEASHELLS;4994.0;1
-2;4915.0;Valentina;Vinnie;SEASHELLS;4992.0;6
-2;4924.0;Valentina;Adam;SEASHELLS;4990.0;1
-2;4924.0;Vladimir;Adam;SEASHELLS;4990.0;6
-2;4924.0;Remy;Adam;SEASHELLS;4994.0;1
-2;4925.0;Valentina;Remy;SEASHELLS;4989.0;1
-2;4929.0;Vinnie;Adam;SEASHELLS;4989.0;2
-2;4929.0;Valentina;Adam;SEASHELLS;4989.0;1
-2;4929.0;Vinnie;Adam;SEASHELLS;4989.0;4
-2;4929.0;Remy;Adam;SEASHELLS;4994.0;1
-2;4930.0;Remy;Valentina;SEASHELLS;4995.0;1
-2;4932.0;Valentina;Remy;SEASHELLS;4989.0;1
-2;4933.0;Valentina;Remy;SEASHELLS;4988.0;1
-2;4944.0;Ruby;Valentina;SEASHELLS;4993.0;5
-2;4945.0;Vladimir;Adam;SEASHELLS;4987.0;4
-2;4945.0;Vinnie;Adam;SEASHELLS;4987.0;1
-2;4954.0;Valentina;Remy;SEASHELLS;4988.0;1
-2;4955.0;Vinnie;Remy;SEASHELLS;4988.0;1
-2;4956.0;Vinnie;Ruby;SEASHELLS;4988.0;2
-2;4960.0;Ruby;Valentina;SEASHELLS;4995.0;11
-2;4961.0;Valentina;Remy;SEASHELLS;4988.0;1
-2;4965.0;Valentina;Rhianna;SEASHELLS;4989.0;4
-2;4970.0;Valentina;Amelia;SEASHELLS;4989.0;13
-2;4977.0;Valentina;Ruby;SEASHELLS;4990.0;4
-2;4983.0;Valentina;Vinnie;SEASHELLS;4995.0;6
-2;4987.0;Remy;Valentina;SEASHELLS;4999.0;2
-2;4987.0;Vinnie;Remy;SEASHELLS;4993.0;1
-2;4991.0;Valentina;Ruby;SEASHELLS;4992.0;10
-2;4995.0;Valentina;Vinnie;SEASHELLS;4995.0;5
-2;4995.0;Valentina;Ruby;SEASHELLS;4992.0;8
-2;4996.0;Valentina;Amelia;SEASHELLS;4992.0;9
-2;4997.0;Remy;Vladimir;SEASHELLS;4998.0;1
-2;4997.0;Vinnie;Remy;SEASHELLS;4993.0;2
-2;4998.0;Valentina;Vinnie;SEASHELLS;4996.0;3
-2;4998.0;Remy;Vinnie;SEASHELLS;4998.0;1
-2;4999.0;Remy;Valentina;SEASHELLS;4999.0;1
-2;5003.0;Valentina;Remy;SEASHELLS;4993.0;1
-2;5004.0;Remy;Valentina;SEASHELLS;4999.0;1
-2;5008.0;Vinnie;Remy;SEASHELLS;4993.0;1
-2;5010.0;Valentina;Remy;SEASHELLS;4993.0;2
-2;5017.0;Remy;Valentina;SEASHELLS;4999.0;1
-2;5020.0;Remy;Valentina;SEASHELLS;4998.0;2
-2;5024.0;Valentina;Remy;SEASHELLS;4990.0;1
-2;5027.0;Remy;Valentina;SEASHELLS;4996.0;2
-2;5031.0;Valentina;Remy;SEASHELLS;4989.0;1
-2;5032.0;Valentina;Adam;SEASHELLS;4990.0;8
-2;5034.0;Valentina;Remy;SEASHELLS;4989.0;1
-2;5040.0;Valentina;Remy;SEASHELLS;4990.0;1
-2;5042.0;Vladimir;Remy;SEASHELLS;4990.0;1
-2;5045.0;Valentina;Remy;SEASHELLS;4991.0;1
-2;5047.0;Vinnie;Ruby;SEASHELLS;4992.0;1
-2;5048.0;Remy;Vladimir;SEASHELLS;4997.0;1
-2;5050.0;Valentina;Remy;SEASHELLS;4992.0;1
-2;5052.0;Vladimir;Remy;SEASHELLS;4992.0;1
-2;5059.0;Valentina;Remy;SEASHELLS;4993.0;2
-2;5061.0;Remy;Valentina;SEASHELLS;4999.0;1
-2;5062.0;Valentina;Ruby;SEASHELLS;4992.0;5
-2;5063.0;Remy;Valentina;SEASHELLS;4999.0;2
-2;5064.0;Valentina;Remy;SEASHELLS;4992.0;1
-2;5064.0;Ruby;Valentina;SEASHELLS;4999.0;13
-2;5064.0;Remy;Valentina;SEASHELLS;4999.0;1
-2;5077.0;Remy;Valentina;SEASHELLS;5000.0;1
-2;5077.0;Rhianna;Valentina;SEASHELLS;4999.0;2
-2;5082.0;Remy;Valentina;SEASHELLS;5002.0;1
-2;5087.0;Ruby;Vladimir;SEASHELLS;4999.0;7
-2;5089.0;Remy;Valentina;SEASHELLS;5001.0;2
-2;5089.0;Remy;Valentina;SEASHELLS;4999.0;1
-2;5092.0;Remy;Valentina;SEASHELLS;5000.0;1
-2;5096.0;Remy;Valentina;SEASHELLS;5001.0;1
-2;5101.0;Vladimir;Rhianna;SEASHELLS;4995.0;3
-2;5108.0;Valentina;Amelia;SEASHELLS;4994.0;10
-2;5114.0;Rhianna;Remy;SEASHELLS;5000.0;1
-2;5121.0;Amelia;Vladimir;SEASHELLS;5002.0;5
-2;5121.0;Amelia;Valentina;SEASHELLS;5002.0;5
-2;5122.0;Vinnie;Ruby;SEASHELLS;4998.0;2
-2;5122.0;Vladimir;Ruby;SEASHELLS;4998.0;3
-2;5123.0;Vladimir;Remy;SEASHELLS;4997.0;1
-2;5126.0;Remy;Valentina;SEASHELLS;5004.0;1
-2;5128.0;Valentina;Remy;SEASHELLS;4999.0;1
-2;5131.0;Remy;Valentina;SEASHELLS;5004.0;1
-2;5134.0;Amelia;Valentina;SEASHELLS;5005.0;12
-2;5136.0;Remy;Valentina;SEASHELLS;5005.0;1
-2;5146.0;Remy;Vladimir;SEASHELLS;5002.0;1
-2;5150.0;Valentina;Rhianna;SEASHELLS;4997.0;5
-2;5165.0;Remy;Vinnie;SEASHELLS;5002.0;1
-2;5167.0;Remy;Valentina;SEASHELLS;5002.0;2
-2;5172.0;Vinnie;Remy;SEASHELLS;4997.0;1
-2;5173.0;Vladimir;Remy;SEASHELLS;4997.0;1
-2;5174.0;Remy;Rhianna;SEASHELLS;4999.0;1
-2;5175.0;Valentina;Remy;SEASHELLS;4997.0;1
-2;5177.0;Vladimir;Remy;SEASHELLS;4998.0;2
-2;5184.0;Valentina;Rhianna;SEASHELLS;4999.0;5
-2;5186.0;Valentina;Remy;SEASHELLS;4998.0;1
-2;5186.0;Valentina;Vinnie;SEASHELLS;5001.0;3
-2;5187.0;Valentina;Rhianna;SEASHELLS;5000.0;3
-2;5187.0;Vinnie;Remy;SEASHELLS;4999.0;1
-2;5188.0;Valentina;Remy;SEASHELLS;4998.0;1
-2;5202.0;Remy;Valentina;SEASHELLS;5006.0;1
-2;5204.0;Valentina;Amelia;SEASHELLS;5001.0;9
-2;5206.0;Valentina;Remy;SEASHELLS;5001.0;1
-2;5207.0;Remy;Vladimir;SEASHELLS;5007.0;1
-2;5213.0;Vladimir;Remy;SEASHELLS;5002.0;1
-2;5213.0;Vinnie;Remy;SEASHELLS;5002.0;1
-2;5216.0;Remy;Valentina;SEASHELLS;5007.0;1
-2;5238.0;Rhianna;Remy;SEASHELLS;5003.0;2
-2;5239.0;Rhianna;Amelia;SEASHELLS;5003.0;1
-2;5239.0;Rhianna;Remy;SEASHELLS;5003.0;1
-2;5246.0;Remy;Vladimir;SEASHELLS;5004.0;2
-2;5250.0;Valentina;Remy;SEASHELLS;5000.0;2
-2;5263.0;Remy;Valentina;SEASHELLS;5007.0;1
-2;5265.0;Remy;Remy;SEASHELLS;5007.0;1
-2;5267.0;Remy;Valentina;SEASHELLS;5007.0;1
-2;5275.0;Valentina;Amelia;SEASHELLS;5000.0;12
-2;5286.0;Valentina;Remy;SEASHELLS;4999.0;1
-2;5294.0;Valentina;Ruby;SEASHELLS;4997.0;13
-2;5297.0;Vladimir;Remy;SEASHELLS;4998.0;1
-2;5303.0;Valentina;Remy;SEASHELLS;4998.0;1
-2;5304.0;Remy;Valentina;SEASHELLS;5003.0;1
-2;5308.0;Remy;Valentina;SEASHELLS;5003.0;2
-2;5312.0;Vladimir;Remy;SEASHELLS;4995.0;1
-2;5314.0;Valentina;Rhianna;SEASHELLS;4996.0;3
-2;5316.0;Vinnie;Remy;SEASHELLS;4995.0;1
-2;5319.0;Remy;Valentina;SEASHELLS;4999.0;1
-2;5325.0;Valentina;Vinnie;SEASHELLS;4996.0;3
-2;5326.0;Rhianna;Remy;SEASHELLS;4997.0;2
-2;5329.0;Remy;Valentina;SEASHELLS;4998.0;1
-2;5331.0;Valentina;Remy;SEASHELLS;4993.0;1
-2;5333.0;Vladimir;Rhianna;SEASHELLS;4994.0;1
-2;5342.0;Valentina;Remy;SEASHELLS;4993.0;1
-2;5345.0;Ruby;Valentina;SEASHELLS;4999.0;14
-2;5345.0;Remy;Valentina;SEASHELLS;4998.0;1
-2;5345.0;Ruby;Vinnie;SEASHELLS;4999.0;1
-2;5355.0;Adam;Valentina;SEASHELLS;5000.0;6
-2;5355.0;Adam;Remy;SEASHELLS;4995.0;1
-2;5361.0;Valentina;Rhianna;SEASHELLS;4998.0;2
-2;5362.0;Remy;Valentina;SEASHELLS;5003.0;1
-2;5363.0;Valentina;Remy;SEASHELLS;4997.0;1
-2;5364.0;Valentina;Remy;SEASHELLS;4997.0;1
-2;5370.0;Valentina;Remy;SEASHELLS;4996.0;1
-2;5374.0;Remy;Vladimir;SEASHELLS;5002.0;1
-2;5377.0;Ruby;Vinnie;SEASHELLS;5003.0;2
-2;5377.0;Ruby;Valentina;SEASHELLS;5003.0;3
-2;5378.0;Amelia;Valentina;SEASHELLS;5003.0;13
-2;5378.0;Amelia;Vinnie;SEASHELLS;5003.0;2
-2;5383.0;Ruby;Valentina;SEASHELLS;5004.0;10
-2;5384.0;Valentina;Remy;SEASHELLS;4998.0;1
-2;5388.0;Ruby;Valentina;SEASHELLS;5005.0;8
-2;5389.0;Remy;Ruby;SEASHELLS;5003.0;1
-2;5395.0;Valentina;Remy;SEASHELLS;4998.0;1
-2;5396.0;Remy;Valentina;SEASHELLS;5002.0;1
-2;5396.0;Ruby;Valentina;SEASHELLS;5004.0;10
-2;5397.0;Valentina;Ruby;SEASHELLS;4997.0;11
-2;5404.0;Vinnie;Remy;SEASHELLS;4999.0;1
-2;5405.0;Vladimir;Ruby;SEASHELLS;4999.0;5
-2;5405.0;Vinnie;Ruby;SEASHELLS;4999.0;1
-2;5408.0;Remy;Vladimir;SEASHELLS;5004.0;2
-2;5413.0;Remy;Rhianna;SEASHELLS;5000.0;1
-2;5413.0;Valentina;Rhianna;SEASHELLS;5000.0;2
-2;5421.0;Valentina;Remy;SEASHELLS;4999.0;1
-2;5422.0;Remy;Valentina;SEASHELLS;5004.0;1
-2;5423.0;Valentina;Ruby;SEASHELLS;4998.0;8
-2;5425.0;Vladimir;Remy;SEASHELLS;4998.0;1
-2;5432.0;Valentina;Vinnie;SEASHELLS;5001.0;3
-2;5434.0;Adam;Valentina;SEASHELLS;5003.0;8
-2;5434.0;Rhianna;Valentina;SEASHELLS;5002.0;4
-2;5436.0;Vladimir;Remy;SEASHELLS;4998.0;1
-2;5439.0;Valentina;Remy;SEASHELLS;4998.0;1
-2;5442.0;Ruby;Rhianna;SEASHELLS;4998.0;4
-2;5445.0;Rhianna;Vladimir;SEASHELLS;5000.0;1
-2;5445.0;Adam;Vladimir;SEASHELLS;5000.0;3
-2;5445.0;Rhianna;Remy;SEASHELLS;5000.0;1
-2;5445.0;Adam;Valentina;SEASHELLS;5000.0;5
-2;5445.0;Rhianna;Valentina;SEASHELLS;5000.0;0
-2;5446.0;Valentina;Remy;SEASHELLS;4996.0;1
-2;5447.0;Remy;Vladimir;SEASHELLS;5001.0;1
-2;5453.0;Vladimir;Remy;SEASHELLS;4997.0;2
-2;5460.0;Valentina;Remy;SEASHELLS;4998.0;1
-2;5465.0;Vinnie;Remy;SEASHELLS;4999.0;1
-2;5466.0;Remy;Valentina;SEASHELLS;5004.0;1
-2;5472.0;Valentina;Remy;SEASHELLS;4998.0;1
-2;5477.0;Remy;Valentina;SEASHELLS;5003.0;1
-2;5485.0;Valentina;Remy;SEASHELLS;4999.0;2
-2;5486.0;Valentina;Remy;SEASHELLS;4999.0;1
-2;5493.0;Valentina;Remy;SEASHELLS;5000.0;1
-2;5494.0;Remy;Valentina;SEASHELLS;5006.0;1
-2;5501.0;Valentina;Adam;SEASHELLS;5002.0;8
-2;5506.0;Remy;Valentina;SEASHELLS;5005.0;1
-2;5507.0;Rhianna;Valentina;SEASHELLS;5005.0;4
-2;5509.0;Remy;Valentina;SEASHELLS;5008.0;1
-2;5510.0;Vladimir;Remy;SEASHELLS;5002.0;1
-2;5511.0;Remy;Vladimir;SEASHELLS;5007.0;1
-2;5514.0;Valentina;Remy;SEASHELLS;5002.0;1
-2;5514.0;Remy;Vladimir;SEASHELLS;5007.0;2
-2;5514.0;Valentina;Ruby;SEASHELLS;5002.0;11
-2;5515.0;Remy;Valentina;SEASHELLS;5008.0;1
-2;5517.0;Valentina;Remy;SEASHELLS;5004.0;1
-2;5518.0;Remy;Vinnie;SEASHELLS;5009.0;1
-2;5520.0;Remy;Valentina;SEASHELLS;5009.0;2
-2;5521.0;Rhianna;Valentina;SEASHELLS;5006.0;5
-2;5524.0;Vinnie;Remy;SEASHELLS;5002.0;1
-2;5527.0;Remy;Valentina;SEASHELLS;5006.0;1
-2;5531.0;Valentina;Remy;SEASHELLS;5002.0;1
-2;5537.0;Valentina;Ruby;SEASHELLS;5002.0;6
-2;5538.0;Valentina;Ruby;SEASHELLS;5002.0;7
-2;5540.0;Valentina;Remy;SEASHELLS;5002.0;1
-2;5544.0;Ruby;Valentina;SEASHELLS;5008.0;9
-2;5544.0;Ruby;Vinnie;SEASHELLS;5008.0;2
-2;5552.0;Valentina;Remy;SEASHELLS;5003.0;1
-2;5554.0;Valentina;Remy;SEASHELLS;5002.0;1
-2;5555.0;Ruby;Valentina;SEASHELLS;5009.0;8
-2;5557.0;Vinnie;Remy;SEASHELLS;5003.0;1
-2;5558.0;Valentina;Remy;SEASHELLS;5002.0;1
-2;5559.0;Rhianna;Valentina;SEASHELLS;5006.0;2
-2;5560.0;Vladimir;Remy;SEASHELLS;5003.0;1
-2;5561.0;Valentina;Remy;SEASHELLS;5003.0;1
-2;5568.0;Vladimir;Remy;SEASHELLS;5004.0;1
-2;5570.0;Amelia;Vladimir;SEASHELLS;5009.0;8
-2;5570.0;Amelia;Valentina;SEASHELLS;5009.0;1
-2;5580.0;Amelia;Vladimir;SEASHELLS;5007.0;5
-2;5584.0;Vinnie;Remy;SEASHELLS;5003.0;1
-2;5589.0;Valentina;Remy;SEASHELLS;5001.0;1
-2;5594.0;Valentina;Remy;SEASHELLS;5001.0;2
-2;5594.0;Remy;Vladimir;SEASHELLS;5006.0;1
-2;5598.0;Ruby;Vladimir;SEASHELLS;5005.0;4
-2;5600.0;Valentina;Rhianna;SEASHELLS;5002.0;4
-2;5604.0;Amelia;Valentina;SEASHELLS;5009.0;8
-2;5606.0;Adam;Rhianna;SEASHELLS;5004.0;3
-2;5607.0;Valentina;Remy;SEASHELLS;5003.0;1
-2;5612.0;Remy;Valentina;SEASHELLS;5008.0;1
-2;5616.0;Remy;Vladimir;SEASHELLS;5009.0;1
-2;5618.0;Rhianna;Valentina;SEASHELLS;5008.0;3
-2;5622.0;Remy;Valentina;SEASHELLS;5010.0;1
-2;5626.0;Rhianna;Valentina;SEASHELLS;5009.0;5
-2;5629.0;Amelia;Valentina;SEASHELLS;5011.0;11
-2;5630.0;Vinnie;Remy;SEASHELLS;5005.0;1
-2;5635.0;Remy;Valentina;SEASHELLS;5010.0;1
-2;5637.0;Ruby;Valentina;SEASHELLS;5011.0;8
-2;5642.0;Amelia;Valentina;SEASHELLS;5011.0;7
-2;5642.0;Amelia;Vinnie;SEASHELLS;5011.0;1
-2;5649.0;Valentina;Vinnie;SEASHELLS;5008.0;5
-2;5657.0;Valentina;Remy;SEASHELLS;5005.0;1
-2;5658.0;Remy;Valentina;SEASHELLS;5011.0;1
-2;5660.0;Remy;Valentina;SEASHELLS;5011.0;1
-2;5661.0;Vinnie;Remy;SEASHELLS;5006.0;1
-2;5663.0;Rhianna;Valentina;SEASHELLS;5010.0;1
-2;5663.0;Rhianna;Remy;SEASHELLS;5010.0;1
-2;5667.0;Rhianna;Valentina;SEASHELLS;5010.0;5
-2;5669.0;Remy;Vinnie;SEASHELLS;5011.0;2
-2;5671.0;Remy;Valentina;SEASHELLS;5012.0;1
-2;5673.0;Ruby;Valentina;SEASHELLS;5012.0;15
-2;5674.0;Remy;Valentina;SEASHELLS;5012.0;2
-2;5675.0;Valentina;Remy;SEASHELLS;5006.0;1
-2;5678.0;Valentina;Remy;SEASHELLS;5005.0;2
-2;5679.0;Rhianna;Vladimir;SEASHELLS;5009.0;4
-2;5685.0;Valentina;Remy;SEASHELLS;5005.0;1
-2;5686.0;Valentina;Remy;SEASHELLS;5005.0;1
-2;5688.0;Adam;Remy;SEASHELLS;5008.0;1
-2;5706.0;Valentina;Remy;SEASHELLS;5005.0;1
-2;5708.0;Remy;Remy;SEASHELLS;5010.0;1
-2;5709.0;Vinnie;Remy;SEASHELLS;5005.0;1
-2;5713.0;Valentina;Rhianna;SEASHELLS;5006.0;4
-2;5714.0;Adam;Valentina;SEASHELLS;5009.0;9
-2;5720.0;Remy;Valentina;SEASHELLS;5012.0;2
-2;5727.0;Valentina;Remy;SEASHELLS;5008.0;1
-2;5730.0;Vladimir;Remy;SEASHELLS;5009.0;1
-2;5731.0;Valentina;Remy;SEASHELLS;5008.0;1
-2;5734.0;Valentina;Ruby;SEASHELLS;5010.0;7
-2;5734.0;Vladimir;Ruby;SEASHELLS;5010.0;2
-2;5739.0;Rhianna;Remy;SEASHELLS;5013.0;1
-2;5739.0;Rhianna;Vladimir;SEASHELLS;5013.0;3
-2;5741.0;Valentina;Rhianna;SEASHELLS;5010.0;5
-2;5741.0;Vinnie;Remy;SEASHELLS;5009.0;1
-2;5746.0;Remy;Remy;SEASHELLS;5014.0;1
-2;5747.0;Valentina;Remy;SEASHELLS;5008.0;1
-2;5751.0;Valentina;Ruby;SEASHELLS;5007.0;10
-2;5759.0;Valentina;Remy;SEASHELLS;5007.0;1
-2;5762.0;Vinnie;Remy;SEASHELLS;5007.0;1
-2;5764.0;Remy;Valentina;SEASHELLS;5014.0;2
-2;5768.0;Valentina;Ruby;SEASHELLS;5007.0;7
-2;5771.0;Valentina;Remy;SEASHELLS;5009.0;1
-2;5783.0;Vladimir;Remy;SEASHELLS;5008.0;1
-2;5784.0;Remy;Vladimir;SEASHELLS;5013.0;1
-2;5785.0;Valentina;Remy;SEASHELLS;5008.0;1
-2;5794.0;Valentina;Remy;SEASHELLS;5007.0;1
-2;5797.0;Valentina;Vinnie;SEASHELLS;5011.0;6
-2;5799.0;Remy;Vladimir;SEASHELLS;5014.0;1
-2;5808.0;Valentina;Vinnie;SEASHELLS;5011.0;2
-2;5813.0;Remy;Valentina;SEASHELLS;5015.0;1
-2;5814.0;Remy;Amelia;SEASHELLS;5013.0;1
-2;5818.0;Valentina;Remy;SEASHELLS;5009.0;1
-2;5823.0;Remy;Valentina;SEASHELLS;5014.0;1
-2;5828.0;Remy;Vladimir;SEASHELLS;5013.0;1
-2;5838.0;Valentina;Remy;SEASHELLS;5010.0;2
-2;5838.0;Valentina;Amelia;SEASHELLS;5010.0;14
-2;5839.0;Remy;Rhianna;SEASHELLS;5011.0;1
-2;5840.0;Vladimir;Rhianna;SEASHELLS;5011.0;4
-2;5841.0;Remy;Valentina;SEASHELLS;5015.0;1
-2;5843.0;Remy;Valentina;SEASHELLS;5015.0;1
-2;5845.0;Remy;Valentina;SEASHELLS;5015.0;1
-2;5849.0;Remy;Valentina;SEASHELLS;5016.0;1
-2;5850.0;Valentina;Remy;SEASHELLS;5011.0;1
-2;5852.0;Rhianna;Valentina;SEASHELLS;5015.0;4
-2;5852.0;Adam;Valentina;SEASHELLS;5015.0;10
-2;5856.0;Remy;Valentina;SEASHELLS;5017.0;2
-2;5859.0;Valentina;Remy;SEASHELLS;5010.0;1
-2;5863.0;Remy;Vladimir;SEASHELLS;5015.0;1
-2;5866.0;Ruby;Valentina;SEASHELLS;5018.0;15
-2;5866.0;Remy;Valentina;SEASHELLS;5018.0;1
-2;5869.0;Adam;Vladimir;SEASHELLS;5017.0;5
-2;5872.0;Valentina;Rhianna;SEASHELLS;5014.0;2
-2;5872.0;Remy;Rhianna;SEASHELLS;5014.0;1
-2;5873.0;Remy;Valentina;SEASHELLS;5020.0;1
-2;5887.0;Valentina;Remy;SEASHELLS;5012.0;1
-2;5889.0;Remy;Valentina;SEASHELLS;5019.0;2
-2;5890.0;Valentina;Remy;SEASHELLS;5013.0;1
-2;5891.0;Remy;Vladimir;SEASHELLS;5018.0;1
-2;5892.0;Remy;Valentina;SEASHELLS;5018.0;1
-2;5898.0;Valentina;Remy;SEASHELLS;5012.0;1
-2;5899.0;Amelia;Valentina;SEASHELLS;5018.0;8
-2;5907.0;Remy;Valentina;SEASHELLS;5017.0;1
-2;5914.0;Valentina;Remy;SEASHELLS;5012.0;1
-2;5916.0;Valentina;Remy;SEASHELLS;5012.0;1
-2;5920.0;Vinnie;Rhianna;SEASHELLS;5015.0;3
-2;5920.0;Vinnie;Remy;SEASHELLS;5014.0;1
-2;5920.0;Remy;Rhianna;SEASHELLS;5015.0;1
-2;5923.0;Valentina;Amelia;SEASHELLS;5013.0;12
-2;5923.0;Vinnie;Remy;SEASHELLS;5014.0;1
-2;5925.0;Valentina;Remy;SEASHELLS;5015.0;1
-2;5926.0;Remy;Vladimir;SEASHELLS;5019.0;2
-2;5930.0;Vladimir;Adam;SEASHELLS;5016.0;3
-2;5930.0;Valentina;Adam;SEASHELLS;5016.0;6
-2;5930.0;Remy;Adam;SEASHELLS;5016.0;1
-2;5932.0;Valentina;Vinnie;SEASHELLS;5018.0;2
-2;5934.0;Vladimir;Remy;SEASHELLS;5016.0;1
-2;5949.0;Remy;Vinnie;SEASHELLS;5019.0;2
-2;5951.0;Remy;Valentina;SEASHELLS;5019.0;1
-2;5954.0;Vinnie;Remy;SEASHELLS;5017.0;1
-2;5955.0;Remy;Valentina;SEASHELLS;5020.0;1
-2;5956.0;Remy;Valentina;SEASHELLS;5021.0;1
-2;5958.0;Valentina;Rhianna;SEASHELLS;5015.0;2
-2;5959.0;Ruby;Valentina;SEASHELLS;5020.0;10
-2;5959.0;Ruby;Vinnie;SEASHELLS;5020.0;1
-2;5962.0;Valentina;Remy;SEASHELLS;5014.0;1
-2;5964.0;Valentina;Amelia;SEASHELLS;5014.0;14
-2;5967.0;Remy;Valentina;SEASHELLS;5020.0;1
-2;5976.0;Rhianna;Remy;SEASHELLS;5020.0;1
-2;5981.0;Valentina;Remy;SEASHELLS;5016.0;1
-2;5983.0;Vladimir;Remy;SEASHELLS;5016.0;1
-2;5991.0;Valentina;Remy;SEASHELLS;5016.0;2
-2;5991.0;Valentina;Remy;SEASHELLS;5016.0;1
-2;5992.0;Remy;Valentina;SEASHELLS;5023.0;2
-2;5994.0;Valentina;Remy;SEASHELLS;5016.0;2
-2;5995.0;Valentina;Rhianna;SEASHELLS;5017.0;3
-2;5997.0;Valentina;Remy;SEASHELLS;5016.0;1
-2;5997.0;Valentina;Vinnie;SEASHELLS;5019.0;6
-2;5997.0;Valentina;Amelia;SEASHELLS;5016.0;13
-2;5998.0;Remy;Valentina;SEASHELLS;5022.0;2
-2;5999.0;Remy;Ruby;SEASHELLS;5020.0;1
-2;6001.0;Remy;Valentina;SEASHELLS;5020.0;1
-2;6003.0;Remy;Valentina;SEASHELLS;5021.0;1
-2;6005.0;Remy;Valentina;SEASHELLS;5021.0;1
-2;6016.0;Valentina;Remy;SEASHELLS;5015.0;1
-2;6017.0;Remy;Vinnie;SEASHELLS;5020.0;1
-2;6018.0;Valentina;Remy;SEASHELLS;5013.0;1
-2;6020.0;Valentina;Remy;SEASHELLS;5013.0;1
-2;6025.0;Remy;Vladimir;SEASHELLS;5019.0;1
-2;6028.0;Vinnie;Remy;SEASHELLS;5013.0;1
-2;6028.0;Remy;Vinnie;SEASHELLS;5019.0;1
-2;6031.0;Valentina;Remy;SEASHELLS;5012.0;1
-2;6037.0;Remy;Valentina;SEASHELLS;5016.0;1
-2;6040.0;Vinnie;Remy;SEASHELLS;5011.0;1
-2;6042.0;Ruby;Vinnie;SEASHELLS;5017.0;1
-2;6049.0;Vinnie;Remy;SEASHELLS;5009.0;1
-2;6053.0;Valentina;Remy;SEASHELLS;5008.0;2
-2;6054.0;Rhianna;Valentina;SEASHELLS;5012.0;3
-2;6058.0;Remy;Valentina;SEASHELLS;5016.0;2
-2;6062.0;Vladimir;Remy;SEASHELLS;5011.0;1
-2;6063.0;Remy;Valentina;SEASHELLS;5016.0;1
-2;6064.0;Remy;Vladimir;SEASHELLS;5016.0;1
-2;6064.0;Ruby;Vladimir;SEASHELLS;5016.0;3
-2;6067.0;Valentina;Rhianna;SEASHELLS;5012.0;2
-2;6082.0;Amelia;Valentina;SEASHELLS;5018.0;11
-2;6085.0;Valentina;Remy;SEASHELLS;5011.0;2
-2;6089.0;Valentina;Remy;SEASHELLS;5013.0;1
-2;6092.0;Amelia;Vladimir;SEASHELLS;5019.0;4
-2;6098.0;Remy;Valentina;SEASHELLS;5017.0;1
-2;6099.0;Remy;Valentina;SEASHELLS;5016.0;1
-2;6100.0;Valentina;Remy;SEASHELLS;5011.0;1
-2;6102.0;Vladimir;Remy;SEASHELLS;5012.0;1
-2;6103.0;Valentina;Remy;SEASHELLS;5011.0;2
-2;6103.0;Remy;Vinnie;SEASHELLS;5016.0;1
-2;6105.0;Remy;Adam;SEASHELLS;5012.0;2
-2;6109.0;Vladimir;Remy;SEASHELLS;5011.0;1
-2;6109.0;Remy;Vinnie;SEASHELLS;5013.0;1
-2;6118.0;Valentina;Amelia;SEASHELLS;5010.0;15
-2;6124.0;Remy;Valentina;SEASHELLS;5017.0;1
-2;6125.0;Amelia;Vladimir;SEASHELLS;5017.0;2
-2;6126.0;Remy;Remy;SEASHELLS;5013.0;1
-2;6130.0;Valentina;Remy;SEASHELLS;5013.0;1
-2;6132.0;Valentina;Remy;SEASHELLS;5013.0;1
-2;6138.0;Remy;Valentina;SEASHELLS;5019.0;1
-2;6141.0;Remy;Valentina;SEASHELLS;5021.0;1
-2;6141.0;Valentina;Remy;SEASHELLS;5014.0;1
-2;6145.0;Remy;Vladimir;SEASHELLS;5020.0;1
-2;6149.0;Vinnie;Remy;SEASHELLS;5016.0;2
-2;6152.0;Remy;Valentina;SEASHELLS;5019.0;2
-2;6154.0;Remy;Valentina;SEASHELLS;5019.0;2
-2;6158.0;Valentina;Remy;SEASHELLS;5014.0;1
-2;6167.0;Ruby;Valentina;SEASHELLS;5020.0;11
-2;6174.0;Vinnie;Remy;SEASHELLS;5013.0;1
-2;6177.0;Valentina;Remy;SEASHELLS;5013.0;1
-2;6177.0;Valentina;Adam;SEASHELLS;5013.0;7
-2;6178.0;Valentina;Remy;SEASHELLS;5012.0;2
-2;6185.0;Valentina;Remy;SEASHELLS;5012.0;1
-2;6189.0;Rhianna;Valentina;SEASHELLS;5016.0;5
-2;6191.0;Valentina;Remy;SEASHELLS;5011.0;1
-2;6193.0;Remy;Vladimir;SEASHELLS;5016.0;1
-2;6195.0;Vinnie;Remy;SEASHELLS;5012.0;1
-2;6196.0;Valentina;Remy;SEASHELLS;5011.0;1
-2;6206.0;Remy;Vladimir;SEASHELLS;5017.0;1
-2;6218.0;Valentina;Ruby;SEASHELLS;5010.0;8
-2;6220.0;Remy;Valentina;SEASHELLS;5016.0;1
-2;6224.0;Valentina;Remy;SEASHELLS;5011.0;2
-2;6226.0;Remy;Valentina;SEASHELLS;5017.0;1
-2;6229.0;Ruby;Vinnie;SEASHELLS;5018.0;2
-2;6236.0;Valentina;Remy;SEASHELLS;5013.0;1
-2;6237.0;Vinnie;Remy;SEASHELLS;5013.0;1
-2;6246.0;Valentina;Amelia;SEASHELLS;5010.0;8
-2;6247.0;Ruby;Vladimir;SEASHELLS;5014.0;3
-2;6247.0;Ruby;Valentina;SEASHELLS;5014.0;10
-2;6248.0;Valentina;Remy;SEASHELLS;5009.0;1
-2;6258.0;Remy;Valentina;SEASHELLS;5018.0;2
-2;6258.0;Valentina;Amelia;SEASHELLS;5011.0;13
-2;6259.0;Remy;Valentina;SEASHELLS;5018.0;1
-2;6264.0;Remy;Valentina;SEASHELLS;5017.0;1
-2;6269.0;Remy;Valentina;SEASHELLS;5017.0;1
-2;6270.0;Valentina;Remy;SEASHELLS;5011.0;1
-2;6273.0;Vinnie;Remy;SEASHELLS;5012.0;1
-2;6274.0;Vinnie;Remy;SEASHELLS;5012.0;1
-2;6278.0;Remy;Valentina;SEASHELLS;5017.0;1
-2;6279.0;Remy;Remy;SEASHELLS;5018.0;1
-2;6284.0;Vladimir;Remy;SEASHELLS;5013.0;1
-2;6285.0;Remy;Valentina;SEASHELLS;5017.0;1
-2;6288.0;Valentina;Remy;SEASHELLS;5011.0;2
-2;6289.0;Rhianna;Valentina;SEASHELLS;5015.0;5
-2;6289.0;Remy;Valentina;SEASHELLS;5016.0;1
-2;6293.0;Valentina;Remy;SEASHELLS;5009.0;1
-2;6298.0;Ruby;Valentina;SEASHELLS;5016.0;14
-2;6300.0;Valentina;Remy;SEASHELLS;5009.0;2
-2;6302.0;Valentina;Remy;SEASHELLS;5009.0;1
-2;6304.0;Remy;Valentina;SEASHELLS;5015.0;2
-2;6306.0;Valentina;Remy;SEASHELLS;5009.0;1
-2;6310.0;Valentina;Vinnie;SEASHELLS;5011.0;3
-2;6314.0;Remy;Vinnie;SEASHELLS;5013.0;1
-2;6316.0;Valentina;Rhianna;SEASHELLS;5009.0;3
-2;6319.0;Valentina;Ruby;SEASHELLS;5008.0;4
-2;6324.0;Valentina;Ruby;SEASHELLS;5009.0;9
-2;6332.0;Valentina;Vinnie;SEASHELLS;5012.0;6
-2;6332.0;Valentina;Rhianna;SEASHELLS;5011.0;2
-2;6332.0;Valentina;Remy;SEASHELLS;5010.0;1
-2;6337.0;Valentina;Ruby;SEASHELLS;5010.0;6
-2;6338.0;Remy;Valentina;SEASHELLS;5017.0;1
-2;6341.0;Remy;Valentina;SEASHELLS;5016.0;1
-2;6342.0;Vladimir;Remy;SEASHELLS;5011.0;1
-2;6345.0;Remy;Valentina;SEASHELLS;5017.0;1
-2;6346.0;Valentina;Remy;SEASHELLS;5011.0;1
-2;6351.0;Valentina;Remy;SEASHELLS;5012.0;1
-2;6355.0;Remy;Vinnie;SEASHELLS;5018.0;1
-2;6356.0;Ruby;Valentina;SEASHELLS;5019.0;14
-2;6357.0;Vladimir;Ruby;SEASHELLS;5013.0;6
-2;6357.0;Valentina;Ruby;SEASHELLS;5013.0;8
-2;6358.0;Remy;Vladimir;SEASHELLS;5017.0;1
-2;6361.0;Remy;Valentina;SEASHELLS;5017.0;1
-2;6376.0;Vladimir;Adam;SEASHELLS;5009.0;3
-2;6376.0;Valentina;Adam;SEASHELLS;5009.0;7
-2;6376.0;Valentina;Remy;SEASHELLS;5008.0;1
-2;6377.0;Ruby;Valentina;SEASHELLS;5015.0;6
-2;6377.0;Ruby;Vinnie;SEASHELLS;5015.0;2
-2;6380.0;Remy;Valentina;SEASHELLS;5016.0;2
-2;6383.0;Remy;Vladimir;SEASHELLS;5016.0;1
-2;6384.0;Remy;Valentina;SEASHELLS;5016.0;1
-2;6386.0;Valentina;Remy;SEASHELLS;5012.0;1
-2;6389.0;Ruby;Valentina;SEASHELLS;5018.0;12
-2;6389.0;Ruby;Vinnie;SEASHELLS;5018.0;1
-2;6391.0;Remy;Valentina;SEASHELLS;5017.0;1
-2;6394.0;Valentina;Remy;SEASHELLS;5011.0;1
-2;6398.0;Valentina;Rhianna;SEASHELLS;5012.0;2
-2;6400.0;Valentina;Remy;SEASHELLS;5011.0;1
-2;6401.0;Valentina;Remy;SEASHELLS;5011.0;1
-2;6408.0;Ruby;Valentina;SEASHELLS;5018.0;11
-2;6413.0;Adam;Vinnie;SEASHELLS;5016.0;3
-2;6415.0;Remy;Ruby;SEASHELLS;5016.0;1
-2;6421.0;Remy;Valentina;SEASHELLS;5015.0;1
-2;6422.0;Valentina;Remy;SEASHELLS;5011.0;1
-2;6424.0;Valentina;Remy;SEASHELLS;5011.0;1
-2;6428.0;Remy;Valentina;SEASHELLS;5017.0;2
-2;6431.0;Remy;Valentina;SEASHELLS;5016.0;1
-2;6435.0;Vladimir;Remy;SEASHELLS;5011.0;1
-2;6436.0;Vladimir;Adam;SEASHELLS;5011.0;7
-2;6437.0;Valentina;Remy;SEASHELLS;5010.0;1
-2;6442.0;Valentina;Remy;SEASHELLS;5010.0;1
-2;6445.0;Valentina;Remy;SEASHELLS;5009.0;1
-2;6446.0;Valentina;Remy;SEASHELLS;5009.0;1
-2;6447.0;Valentina;Remy;SEASHELLS;5009.0;2
-2;6448.0;Ruby;Valentina;SEASHELLS;5016.0;5
-2;6462.0;Valentina;Amelia;SEASHELLS;5009.0;12
-2;6475.0;Valentina;Remy;SEASHELLS;5009.0;1
-2;6476.0;Valentina;Remy;SEASHELLS;5009.0;1
-2;6477.0;Rhianna;Valentina;SEASHELLS;5013.0;3
-2;6481.0;Vladimir;Remy;SEASHELLS;5011.0;1
-2;6486.0;Valentina;Adam;SEASHELLS;5011.0;7
-2;6486.0;Vinnie;Adam;SEASHELLS;5011.0;1
-2;6488.0;Vladimir;Remy;SEASHELLS;5011.0;1
-2;6490.0;Vladimir;Remy;SEASHELLS;5011.0;1
-2;6492.0;Valentina;Remy;SEASHELLS;5010.0;1
-2;6493.0;Vladimir;Amelia;SEASHELLS;5011.0;8
-2;6493.0;Valentina;Amelia;SEASHELLS;5011.0;6
-2;6498.0;Valentina;Ruby;SEASHELLS;5009.0;8
-2;6500.0;Valentina;Amelia;SEASHELLS;5010.0;9
-2;6504.0;Remy;Valentina;SEASHELLS;5017.0;1
-2;6511.0;Remy;Valentina;SEASHELLS;5015.0;2
-2;6512.0;Rhianna;Valentina;SEASHELLS;5013.0;2
-2;6514.0;Vinnie;Remy;SEASHELLS;5009.0;1
-2;6516.0;Valentina;Remy;SEASHELLS;5009.0;1
-2;6517.0;Remy;Valentina;SEASHELLS;5014.0;1
-2;6518.0;Valentina;Adam;SEASHELLS;5009.0;7
-2;6518.0;Vinnie;Adam;SEASHELLS;5009.0;1
-2;6520.0;Valentina;Remy;SEASHELLS;5008.0;1
-2;6522.0;Ruby;Remy;SEASHELLS;5009.0;1
-2;6526.0;Remy;Valentina;SEASHELLS;5017.0;1
-2;6539.0;Valentina;Adam;SEASHELLS;5010.0;6
-2;6539.0;Vinnie;Adam;SEASHELLS;5010.0;1
-2;6540.0;Valentina;Rhianna;SEASHELLS;5010.0;3
-2;6547.0;Valentina;Adam;SEASHELLS;5009.0;8
-2;6547.0;Vinnie;Remy;SEASHELLS;5009.0;1
-2;6547.0;Vinnie;Adam;SEASHELLS;5009.0;1
-2;6547.0;Valentina;Remy;SEASHELLS;5009.0;0
-2;6555.0;Valentina;Adam;SEASHELLS;5010.0;8
-2;6561.0;Valentina;Remy;SEASHELLS;5009.0;1
-2;6561.0;Ruby;Valentina;SEASHELLS;5016.0;5
-2;6569.0;Vladimir;Rhianna;SEASHELLS;5010.0;2
-2;6576.0;Valentina;Remy;SEASHELLS;5008.0;1
-2;6585.0;Vinnie;Remy;SEASHELLS;5008.0;1
-2;6589.0;Valentina;Remy;SEASHELLS;5008.0;1
-2;6590.0;Remy;Valentina;SEASHELLS;5013.0;1
-2;6596.0;Remy;Valentina;SEASHELLS;5016.0;1
-2;6599.0;Ruby;Valentina;SEASHELLS;5017.0;7
-2;6603.0;Valentina;Remy;SEASHELLS;5011.0;1
-2;6606.0;Vinnie;Ruby;SEASHELLS;5012.0;1
-2;6607.0;Ruby;Valentina;SEASHELLS;5019.0;5
-2;6608.0;Valentina;Vinnie;SEASHELLS;5016.0;4
-2;6611.0;Vinnie;Remy;SEASHELLS;5013.0;1
-2;6612.0;Adam;Remy;SEASHELLS;5013.0;1
-2;6612.0;Adam;Remy;SEASHELLS;5017.0;2
-2;6612.0;Adam;Valentina;SEASHELLS;5017.0;4
-2;6623.0;Valentina;Remy;SEASHELLS;5015.0;1
-2;6624.0;Valentina;Remy;SEASHELLS;5016.0;1
-2;6626.0;Valentina;Ruby;SEASHELLS;5016.0;9
-2;6626.0;Valentina;Remy;SEASHELLS;5016.0;1
-2;6627.0;Remy;Valentina;SEASHELLS;5023.0;2
-2;6630.0;Vinnie;Remy;SEASHELLS;5018.0;1
-2;6631.0;Remy;Valentina;SEASHELLS;5024.0;2
-2;6648.0;Remy;Valentina;SEASHELLS;5024.0;2
-2;6649.0;Remy;Vladimir;SEASHELLS;5022.0;1
-2;6650.0;Valentina;Remy;SEASHELLS;5017.0;2
-2;6651.0;Remy;Remy;SEASHELLS;5018.0;1
-2;6653.0;Vinnie;Ruby;SEASHELLS;5018.0;1
-2;6653.0;Valentina;Ruby;SEASHELLS;5018.0;8
-2;6655.0;Valentina;Remy;SEASHELLS;5017.0;2
-2;6656.0;Vladimir;Remy;SEASHELLS;5017.0;1
-2;6658.0;Remy;Valentina;SEASHELLS;5024.0;2
-2;6667.0;Remy;Valentina;SEASHELLS;5023.0;1
-2;6668.0;Valentina;Remy;SEASHELLS;5018.0;1
-2;6669.0;Remy;Vladimir;SEASHELLS;5024.0;1
-2;6675.0;Valentina;Vinnie;SEASHELLS;5022.0;5
-2;6678.0;Valentina;Rhianna;SEASHELLS;5021.0;5
-2;6679.0;Valentina;Vinnie;SEASHELLS;5022.0;5
-2;6684.0;Valentina;Ruby;SEASHELLS;5019.0;14
-2;6684.0;Remy;Vladimir;SEASHELLS;5024.0;1
-2;6684.0;Remy;Valentina;SEASHELLS;5024.0;1
-2;6685.0;Adam;Valentina;SEASHELLS;5024.0;9
-2;6685.0;Adam;Remy;SEASHELLS;5019.0;1
-2;6689.0;Valentina;Remy;SEASHELLS;5019.0;1
-2;6692.0;Ruby;Vinnie;SEASHELLS;5024.0;2
-2;6695.0;Vladimir;Rhianna;SEASHELLS;5018.0;5
-2;6697.0;Vinnie;Remy;SEASHELLS;5018.0;1
-2;6697.0;Remy;Vladimir;SEASHELLS;5022.0;1
-2;6698.0;Valentina;Remy;SEASHELLS;5018.0;1
-2;6700.0;Remy;Vladimir;SEASHELLS;5023.0;1
-2;6708.0;Ruby;Valentina;SEASHELLS;5025.0;7
-2;6709.0;Remy;Valentina;SEASHELLS;5025.0;1
-2;6709.0;Valentina;Remy;SEASHELLS;5018.0;1
-2;6713.0;Valentina;Vinnie;SEASHELLS;5021.0;1
-2;6713.0;Rhianna;Vinnie;SEASHELLS;5022.0;2
-2;6717.0;Vladimir;Remy;SEASHELLS;5018.0;1
-2;6719.0;Amelia;Valentina;SEASHELLS;5024.0;8
-2;6727.0;Remy;Valentina;SEASHELLS;5023.0;1
-2;6731.0;Valentina;Ruby;SEASHELLS;5017.0;6
-2;6733.0;Rhianna;Valentina;SEASHELLS;5021.0;2
-2;6738.0;Valentina;Remy;SEASHELLS;5017.0;2
-2;6740.0;Vladimir;Remy;SEASHELLS;5019.0;1
-2;6747.0;Remy;Valentina;SEASHELLS;5027.0;2
-2;6748.0;Vladimir;Remy;SEASHELLS;5020.0;1
-2;6749.0;Vinnie;Adam;SEASHELLS;5020.0;2
-2;6749.0;Valentina;Adam;SEASHELLS;5020.0;8
-2;6757.0;Valentina;Remy;SEASHELLS;5022.0;1
-2;6759.0;Valentina;Rhianna;SEASHELLS;5023.0;5
-2;6760.0;Remy;Valentina;SEASHELLS;5029.0;2
-2;6776.0;Valentina;Rhianna;SEASHELLS;5026.0;4
-2;6776.0;Vinnie;Remy;SEASHELLS;5025.0;1
-2;6777.0;Ruby;Valentina;SEASHELLS;5031.0;4
-2;6778.0;Vinnie;Amelia;SEASHELLS;5025.0;2
-2;6779.0;Vinnie;Ruby;SEASHELLS;5025.0;2
-2;6781.0;Remy;Vinnie;SEASHELLS;5030.0;1
-2;6782.0;Remy;Vladimir;SEASHELLS;5029.0;1
-2;6785.0;Valentina;Rhianna;SEASHELLS;5024.0;4
-2;6787.0;Valentina;Remy;SEASHELLS;5024.0;1
-2;6791.0;Remy;Vladimir;SEASHELLS;5030.0;1
-2;6792.0;Remy;Valentina;SEASHELLS;5031.0;1
-2;6794.0;Valentina;Remy;SEASHELLS;5026.0;2
-2;6800.0;Amelia;Valentina;SEASHELLS;5033.0;15
-2;6801.0;Valentina;Vinnie;SEASHELLS;5029.0;5
-2;6806.0;Remy;Valentina;SEASHELLS;5032.0;1
-2;6807.0;Valentina;Ruby;SEASHELLS;5024.0;14
-2;6807.0;Valentina;Rhianna;SEASHELLS;5026.0;3
-2;6810.0;Remy;Valentina;SEASHELLS;5030.0;1
-2;6817.0;Valentina;Remy;SEASHELLS;5023.0;2
-2;6821.0;Remy;Adam;SEASHELLS;5026.0;1
-2;6821.0;Valentina;Adam;SEASHELLS;5022.0;8
-2;6824.0;Adam;Valentina;SEASHELLS;5026.0;8
-2;6828.0;Vinnie;Remy;SEASHELLS;5022.0;1
-2;6833.0;Remy;Valentina;SEASHELLS;5025.0;1
-2;6834.0;Valentina;Vinnie;SEASHELLS;5023.0;5
-2;6837.0;Valentina;Adam;SEASHELLS;5021.0;1
-2;6837.0;Vladimir;Adam;SEASHELLS;5021.0;8
-2;6837.0;Vinnie;Adam;SEASHELLS;5021.0;1
-2;6842.0;Remy;Valentina;SEASHELLS;5027.0;1
-2;6850.0;Amelia;Adam;SEASHELLS;5024.0;7
-2;6856.0;Valentina;Vinnie;SEASHELLS;5026.0;2
-2;6860.0;Ruby;Valentina;SEASHELLS;5030.0;10
-2;6860.0;Valentina;Remy;SEASHELLS;5023.0;1
-2;6864.0;Adam;Valentina;SEASHELLS;5029.0;7
-2;6872.0;Remy;Vladimir;SEASHELLS;5030.0;1
-2;6873.0;Vladimir;Remy;SEASHELLS;5025.0;1
-2;6875.0;Vinnie;Remy;SEASHELLS;5026.0;1
-2;6875.0;Valentina;Remy;SEASHELLS;5026.0;1
-2;6876.0;Remy;Valentina;SEASHELLS;5031.0;1
-2;6876.0;Amelia;Valentina;SEASHELLS;5032.0;11
-2;6878.0;Amelia;Valentina;SEASHELLS;5031.0;13
-2;6878.0;Amelia;Vladimir;SEASHELLS;5031.0;2
-2;6880.0;Vinnie;Ruby;SEASHELLS;5026.0;1
-2;6880.0;Vinnie;Remy;SEASHELLS;5026.0;1
-2;6881.0;Ruby;Remy;SEASHELLS;5026.0;1
-2;6884.0;Valentina;Remy;SEASHELLS;5025.0;2
-2;6884.0;Valentina;Remy;SEASHELLS;5025.0;1
-2;6889.0;Valentina;Rhianna;SEASHELLS;5027.0;3
-2;6890.0;Vladimir;Remy;SEASHELLS;5026.0;1
-2;6893.0;Amelia;Vinnie;SEASHELLS;5032.0;1
-2;6893.0;Amelia;Valentina;SEASHELLS;5032.0;8
-2;6893.0;Valentina;Remy;SEASHELLS;5026.0;1
-2;6897.0;Valentina;Vinnie;SEASHELLS;5028.0;6
-2;6901.0;Remy;Vladimir;SEASHELLS;5031.0;1
-2;6903.0;Valentina;Remy;SEASHELLS;5026.0;1
-2;6908.0;Vladimir;Ruby;SEASHELLS;5026.0;7
-2;6908.0;Vladimir;Remy;SEASHELLS;5026.0;1
-2;6911.0;Adam;Vladimir;SEASHELLS;5031.0;6
-2;6916.0;Ruby;Valentina;SEASHELLS;5032.0;15
-2;6920.0;Remy;Vladimir;SEASHELLS;5031.0;2
-2;6933.0;Valentina;Remy;SEASHELLS;5023.0;1
-2;6934.0;Remy;Valentina;SEASHELLS;5028.0;1
-2;6935.0;Remy;Rhianna;SEASHELLS;5024.0;1
-2;6935.0;Valentina;Rhianna;SEASHELLS;5024.0;2
-2;6936.0;Remy;Vladimir;SEASHELLS;5028.0;1
-2;6940.0;Valentina;Remy;SEASHELLS;5022.0;1
-2;6943.0;Amelia;Valentina;SEASHELLS;5026.0;4
-2;6943.0;Amelia;Vladimir;SEASHELLS;5026.0;8
-2;6943.0;Vinnie;Remy;SEASHELLS;5022.0;1
-2;6944.0;Remy;Valentina;SEASHELLS;5027.0;1
-2;6946.0;Remy;Remy;SEASHELLS;5027.0;1
-2;6948.0;Ruby;Vladimir;SEASHELLS;5026.0;5
-2;6949.0;Remy;Valentina;SEASHELLS;5028.0;1
-2;6959.0;Vinnie;Remy;SEASHELLS;5020.0;1
-2;6961.0;Vladimir;Remy;SEASHELLS;5020.0;2
-2;6969.0;Remy;Valentina;SEASHELLS;5027.0;2
-2;6970.0;Valentina;Amelia;SEASHELLS;5020.0;14
-2;6971.0;Adam;Vladimir;SEASHELLS;5025.0;1
-2;6973.0;Valentina;Vinnie;SEASHELLS;5023.0;3
-2;6975.0;Valentina;Remy;SEASHELLS;5020.0;1
-2;6977.0;Remy;Remy;SEASHELLS;5026.0;1
-2;6992.0;Valentina;Remy;SEASHELLS;5020.0;1
-2;6994.0;Remy;Valentina;SEASHELLS;5025.0;1
-2;7000.0;Valentina;Remy;SEASHELLS;5020.0;1
-2;7007.0;Valentina;Remy;SEASHELLS;5020.0;1
-2;7008.0;Remy;Valentina;SEASHELLS;5026.0;1
-2;7010.0;Remy;Vladimir;SEASHELLS;5025.0;2
-2;7014.0;Remy;Valentina;SEASHELLS;5026.0;1
-2;7014.0;Remy;Valentina;SEASHELLS;5028.0;1
-2;7015.0;Remy;Vinnie;SEASHELLS;5027.0;1
-2;7018.0;Vinnie;Remy;SEASHELLS;5021.0;1
-2;7023.0;Vladimir;Ruby;SEASHELLS;5021.0;4
-2;7023.0;Valentina;Ruby;SEASHELLS;5021.0;11
-2;7024.0;Valentina;Ruby;SEASHELLS;5020.0;15
-2;7026.0;Rhianna;Valentina;SEASHELLS;5025.0;2
-2;7027.0;Ruby;Valentina;SEASHELLS;5025.0;11
-2;7027.0;Ruby;Vladimir;SEASHELLS;5025.0;4
-2;7030.0;Valentina;Remy;SEASHELLS;5020.0;1
-2;7031.0;Valentina;Rhianna;SEASHELLS;5020.0;1
-2;7031.0;Vladimir;Rhianna;SEASHELLS;5020.0;1
-2;7037.0;Valentina;Remy;SEASHELLS;5019.0;2
-2;7038.0;Remy;Vinnie;SEASHELLS;5025.0;2
-2;7038.0;Valentina;Remy;SEASHELLS;5019.0;1
-2;7046.0;Ruby;Vladimir;SEASHELLS;5025.0;3
-2;7046.0;Ruby;Valentina;SEASHELLS;5025.0;6
-2;7052.0;Remy;Vladimir;SEASHELLS;5024.0;2
-2;7056.0;Valentina;Remy;SEASHELLS;5019.0;1
-2;7059.0;Remy;Vinnie;SEASHELLS;5026.0;1
-2;7060.0;Valentina;Rhianna;SEASHELLS;5022.0;2
-2;7062.0;Vinnie;Remy;SEASHELLS;5021.0;1
-2;7065.0;Valentina;Amelia;SEASHELLS;5021.0;11
-2;7068.0;Adam;Valentina;SEASHELLS;5026.0;9
-2;7069.0;Valentina;Rhianna;SEASHELLS;5022.0;3
-2;7069.0;Vinnie;Remy;SEASHELLS;5021.0;1
-2;7070.0;Vinnie;Remy;SEASHELLS;5021.0;1
-2;7071.0;Remy;Valentina;SEASHELLS;5027.0;1
-2;7075.0;Rhianna;Valentina;SEASHELLS;5026.0;4
-2;7077.0;Ruby;Remy;SEASHELLS;5022.0;1
-2;7079.0;Ruby;Valentina;SEASHELLS;5028.0;7
-2;7080.0;Remy;Vinnie;SEASHELLS;5027.0;1
-2;7080.0;Rhianna;Valentina;SEASHELLS;5025.0;3
-2;7083.0;Valentina;Remy;SEASHELLS;5021.0;2
-2;7086.0;Vladimir;Remy;SEASHELLS;5022.0;1
-2;7087.0;Rhianna;Valentina;SEASHELLS;5026.0;3
-2;7090.0;Vinnie;Remy;SEASHELLS;5022.0;1
-2;7095.0;Remy;Valentina;SEASHELLS;5030.0;1
-2;7096.0;Remy;Valentina;SEASHELLS;5029.0;1
-2;7098.0;Valentina;Adam;SEASHELLS;5024.0;7
-2;7098.0;Vladimir;Adam;SEASHELLS;5024.0;3
-2;7099.0;Valentina;Rhianna;SEASHELLS;5024.0;5
-2;7106.0;Valentina;Remy;SEASHELLS;5023.0;2
-2;7111.0;Valentina;Remy;SEASHELLS;5024.0;1
-2;7112.0;Valentina;Rhianna;SEASHELLS;5025.0;5
-2;7112.0;Vladimir;Remy;SEASHELLS;5024.0;2
-2;7112.0;Vladimir;Remy;SEASHELLS;5024.0;1
-2;7114.0;Valentina;Remy;SEASHELLS;5024.0;2
-2;7115.0;Valentina;Remy;SEASHELLS;5024.0;1
-2;7116.0;Remy;Valentina;SEASHELLS;5031.0;1
-2;7117.0;Valentina;Remy;SEASHELLS;5024.0;2
-2;7125.0;Valentina;Remy;SEASHELLS;5025.0;1
-2;7126.0;Valentina;Remy;SEASHELLS;5025.0;1
-2;7133.0;Vinnie;Remy;SEASHELLS;5025.0;1
-2;7133.0;Vladimir;Remy;SEASHELLS;5025.0;1
-2;7136.0;Remy;Valentina;SEASHELLS;5030.0;1
-2;7138.0;Amelia;Valentina;SEASHELLS;5032.0;9
-2;7139.0;Ruby;Valentina;SEASHELLS;5032.0;5
-2;7149.0;Rhianna;Remy;SEASHELLS;5028.0;1
-2;7149.0;Rhianna;Valentina;SEASHELLS;5028.0;4
-2;7156.0;Valentina;Remy;SEASHELLS;5025.0;2
-2;7157.0;Remy;Valentina;SEASHELLS;5030.0;1
-2;7171.0;Valentina;Remy;SEASHELLS;5028.0;1
-2;7173.0;Remy;Vladimir;SEASHELLS;5033.0;1
-2;7174.0;Valentina;Remy;SEASHELLS;5028.0;2
-2;7180.0;Valentina;Remy;SEASHELLS;5029.0;1
-2;7187.0;Valentina;Remy;SEASHELLS;5029.0;1
-2;7188.0;Remy;Valentina;SEASHELLS;5035.0;2
-2;7189.0;Vladimir;Remy;SEASHELLS;5028.0;1
-2;7193.0;Valentina;Rhianna;SEASHELLS;5031.0;2
-2;7193.0;Remy;Rhianna;SEASHELLS;5031.0;1
-2;7193.0;Valentina;Adam;SEASHELLS;5030.0;10
-2;7194.0;Remy;Valentina;SEASHELLS;5034.0;1
-2;7207.0;Rhianna;Valentina;SEASHELLS;5037.0;3
-2;7208.0;Vinnie;Remy;SEASHELLS;5033.0;1
-2;7212.0;Valentina;Rhianna;SEASHELLS;5033.0;2
-2;7213.0;Ruby;Rhianna;SEASHELLS;5033.0;3
-2;7217.0;Remy;Vinnie;SEASHELLS;5037.0;1
-2;7219.0;Ruby;Valentina;SEASHELLS;5038.0;13
-2;7220.0;Valentina;Remy;SEASHELLS;5032.0;1
-2;7221.0;Rhianna;Valentina;SEASHELLS;5036.0;2
-2;7230.0;Valentina;Remy;SEASHELLS;5033.0;1
-2;7230.0;Valentina;Remy;SEASHELLS;5033.0;2
-2;7231.0;Valentina;Remy;SEASHELLS;5033.0;2
-2;7234.0;Valentina;Remy;SEASHELLS;5033.0;2
-2;7235.0;Remy;Valentina;SEASHELLS;5039.0;1
-2;7236.0;Valentina;Remy;SEASHELLS;5033.0;1
-2;7237.0;Vinnie;Remy;SEASHELLS;5033.0;1
-2;7238.0;Valentina;Remy;SEASHELLS;5032.0;1
-2;7239.0;Valentina;Remy;SEASHELLS;5032.0;1
-2;7239.0;Valentina;Ruby;SEASHELLS;5032.0;7
-2;7241.0;Valentina;Remy;SEASHELLS;5033.0;1
-2;7241.0;Valentina;Adam;SEASHELLS;5033.0;7
-2;7242.0;Remy;Remy;SEASHELLS;5034.0;1
-2;7244.0;Amelia;Valentina;SEASHELLS;5040.0;14
-2;7247.0;Valentina;Remy;SEASHELLS;5032.0;1
-2;7250.0;Valentina;Remy;SEASHELLS;5031.0;1
-2;7259.0;Vladimir;Rhianna;SEASHELLS;5032.0;1
-2;7259.0;Remy;Rhianna;SEASHELLS;5032.0;1
-2;7260.0;Vladimir;Remy;SEASHELLS;5031.0;1
-2;7272.0;Valentina;Vinnie;SEASHELLS;5033.0;2
-2;7280.0;Rhianna;Valentina;SEASHELLS;5033.0;3
-2;7285.0;Vinnie;Remy;SEASHELLS;5029.0;1
-2;7287.0;Valentina;Remy;SEASHELLS;5029.0;1
-2;7296.0;Valentina;Remy;SEASHELLS;5030.0;1
-2;7299.0;Valentina;Remy;SEASHELLS;5028.0;1
-2;7301.0;Remy;Valentina;SEASHELLS;5033.0;1
-2;7301.0;Rhianna;Valentina;SEASHELLS;5032.0;3
-2;7308.0;Remy;Valentina;SEASHELLS;5035.0;2
-2;7309.0;Valentina;Remy;SEASHELLS;5029.0;1
-2;7313.0;Remy;Valentina;SEASHELLS;5035.0;2
-2;7315.0;Rhianna;Remy;SEASHELLS;5033.0;1
-2;7327.0;Vinnie;Remy;SEASHELLS;5030.0;2
-2;7328.0;Vinnie;Remy;SEASHELLS;5030.0;1
-2;7329.0;Valentina;Remy;SEASHELLS;5030.0;1
-2;7333.0;Remy;Vinnie;SEASHELLS;5036.0;1
-2;7334.0;Valentina;Remy;SEASHELLS;5030.0;1
-2;7336.0;Remy;Valentina;SEASHELLS;5036.0;1
-2;7340.0;Valentina;Remy;SEASHELLS;5031.0;1
-2;7349.0;Valentina;Remy;SEASHELLS;5030.0;2
-2;7366.0;Rhianna;Valentina;SEASHELLS;5031.0;5
-2;7366.0;Remy;Vladimir;SEASHELLS;5032.0;2
-2;7378.0;Valentina;Ruby;SEASHELLS;5026.0;6
-2;7380.0;Remy;Valentina;SEASHELLS;5032.0;1
-2;7381.0;Vladimir;Remy;SEASHELLS;5026.0;1
-2;7382.0;Valentina;Remy;SEASHELLS;5026.0;1
-2;7384.0;Rhianna;Valentina;SEASHELLS;5030.0;3
-2;7384.0;Rhianna;Remy;SEASHELLS;5030.0;1
-2;7388.0;Remy;Rhianna;SEASHELLS;5028.0;2
-2;7389.0;Valentina;Remy;SEASHELLS;5026.0;2
-2;7390.0;Amelia;Vladimir;SEASHELLS;5032.0;1
-2;7390.0;Amelia;Valentina;SEASHELLS;5032.0;8
-2;7390.0;Amelia;Remy;SEASHELLS;5032.0;1
-2;7394.0;Vinnie;Remy;SEASHELLS;5027.0;1
-2;7400.0;Valentina;Remy;SEASHELLS;5028.0;1
-2;7409.0;Valentina;Vinnie;SEASHELLS;5033.0;3
-2;7414.0;Remy;Valentina;SEASHELLS;5035.0;1
-2;7416.0;Remy;Valentina;SEASHELLS;5034.0;1
-2;7422.0;Valentina;Remy;SEASHELLS;5029.0;1
-2;7424.0;Valentina;Ruby;SEASHELLS;5028.0;15
-2;7425.0;Remy;Vladimir;SEASHELLS;5034.0;2
-2;7428.0;Valentina;Amelia;SEASHELLS;5030.0;6
-2;7428.0;Vladimir;Amelia;SEASHELLS;5030.0;2
-2;7432.0;Remy;Valentina;SEASHELLS;5034.0;1
-2;7432.0;Remy;Vinnie;SEASHELLS;5035.0;2
-2;7437.0;Valentina;Remy;SEASHELLS;5029.0;1
-2;7437.0;Valentina;Rhianna;SEASHELLS;5030.0;3
-2;7439.0;Rhianna;Valentina;SEASHELLS;5032.0;5
-2;7440.0;Valentina;Remy;SEASHELLS;5027.0;1
-2;7442.0;Valentina;Remy;SEASHELLS;5027.0;1
-2;7446.0;Remy;Valentina;SEASHELLS;5034.0;1
-2;7446.0;Ruby;Valentina;SEASHELLS;5034.0;9
-2;7448.0;Remy;Valentina;SEASHELLS;5033.0;1
-2;7455.0;Valentina;Adam;SEASHELLS;5028.0;2
-2;7455.0;Vladimir;Adam;SEASHELLS;5028.0;6
-2;7458.0;Remy;Valentina;SEASHELLS;5032.0;1
-2;7462.0;Valentina;Ruby;SEASHELLS;5027.0;5
-2;7462.0;Vinnie;Ruby;SEASHELLS;5027.0;2
-2;7470.0;Valentina;Remy;SEASHELLS;5027.0;1
-2;7472.0;Amelia;Valentina;SEASHELLS;5033.0;14
-2;7474.0;Valentina;Remy;SEASHELLS;5026.0;1
-2;7477.0;Vinnie;Remy;SEASHELLS;5026.0;1
-2;7479.0;Valentina;Ruby;SEASHELLS;5026.0;7
