day;timestamp;bid_price_1;bid_volume_1;bid_price_2;bid_volume_2;bid_price_3;bid_volume_3;ask_price_1;ask_volume_1;ask_price_2;ask_volume_2;ask_price_3;ask_volume_3;mid_price;profit_and_loss
-2;1.0;4997;26;0.0;0.0;0.0;0.0;5003;26;0.0;0.0;0.0;0.0;5000.0;0.0
-2;2.0;5000;5;4998.0;6.0;4997.0;20.0;5004;20;0.0;0.0;0.0;0.0;5002.0;0.0
-2;3.0;4997;1;4996.0;30.0;0.0;0.0;5003;31;0.0;0.0;0.0;0.0;5000.0;0.0
-2;4.0;4996;27;0.0;0.0;0.0;0.0;5003;27;0.0;0.0;0.0;0.0;4999.5;0.0
-2;5.0;4995;20;0.0;0.0;0.0;0.0;5002;20;0.0;0.0;0.0;0.0;4998.5;0.0
-2;6.0;5001;1;4996.0;30.0;0.0;0.0;5003;30;0.0;0.0;0.0;0.0;5002.0;0.0
-2;7.0;4996;30;0.0;0.0;0.0;0.0;5003;30;0.0;0.0;0.0;0.0;4999.5;0.0
-2;8.0;4997;1;4996.0;27.0;0.0;0.0;5003;28;0.0;0.0;0.0;0.0;5000.0;0.0
-2;9.0;5002;1;4997.0;23.0;0.0;0.0;5003;2;5004.0;21.0;0.0;0.0;5002.5;0.0
-2;10.0;5001;2;4997.0;30.0;0.0;0.0;5004;30;0.0;0.0;0.0;0.0;5002.5;0.0
-2;11.0;4997;2;4996.0;22.0;0.0;0.0;5001;8;5003.0;24.0;0.0;0.0;4999.0;0.0
-2;12.0;4997;25;0.0;0.0;0.0;0.0;5002;3;5004.0;26.0;0.0;0.0;4999.5;0.0
-2;13.0;4997;28;0.0;0.0;0.0;0.0;5003;1;5004.0;27.0;0.0;0.0;5000.0;0.0
-2;14.0;5000;3;4997.0;23.0;0.0;0.0;5004;23;0.0;0.0;0.0;0.0;5002.0;0.0
-2;15.0;4996;26;0.0;0.0;0.0;0.0;5001;2;5003.0;26.0;0.0;0.0;4998.5;0.0
-2;16.0;4997;2;4996.0;25.0;0.0;0.0;5003;27;0.0;0.0;0.0;0.0;5000.0;0.0
-2;17.0;4997;1;4996.0;23.0;0.0;0.0;5003;24;0.0;0.0;0.0;0.0;5000.0;0.0
-2;18.0;4997;28;0.0;0.0;0.0;0.0;5002;2;5004.0;28.0;0.0;0.0;4999.5;0.0
-2;19.0;4996;24;0.0;0.0;0.0;0.0;5001;1;5003.0;24.0;0.0;0.0;4998.5;0.0
-2;20.0;5002;1;4997.0;1.0;4996.0;25.0;5003;26;0.0;0.0;0.0;0.0;5002.5;0.0
-2;21.0;4996;31;0.0;0.0;0.0;0.0;5001;2;5003.0;31.0;0.0;0.0;4998.5;0.0
-2;22.0;5001;4;4997.0;2.0;4996.0;20.0;5003;22;0.0;0.0;0.0;0.0;5002.0;0.0
-2;23.0;4997;1;4996.0;25.0;0.0;0.0;5003;26;0.0;0.0;0.0;0.0;5000.0;0.0
-2;24.0;4997;30;0.0;0.0;0.0;0.0;5003;2;5004.0;28.0;0.0;0.0;5000.0;0.0
-2;25.0;4997;30;0.0;0.0;0.0;0.0;5004;30;0.0;0.0;0.0;0.0;5000.5;0.0
-2;26.0;4996;21;0.0;0.0;0.0;0.0;5003;21;0.0;0.0;0.0;0.0;4999.5;0.0
-2;27.0;4998;6;4997.0;22.0;0.0;0.0;5003;1;5004.0;21.0;0.0;0.0;5000.5;0.0
-2;28.0;4998;27;0.0;0.0;0.0;0.0;5003;4;5004.0;1.0;5005.0;26.0;5000.5;0.0
-2;29.0;4997;28;0.0;0.0;0.0;0.0;5004;28;0.0;0.0;0.0;0.0;5000.5;0.0
-2;30.0;4996;30;0.0;0.0;0.0;0.0;5003;30;0.0;0.0;0.0;0.0;4999.5;0.0
-2;31.0;4996;28;0.0;0.0;0.0;0.0;5002;2;5003.0;26.0;0.0;0.0;4999.0;0.0
-2;32.0;5001;1;4997.0;1.0;4996.0;25.0;5003;25;0.0;0.0;0.0;0.0;5002.0;0.0
-2;33.0;4996;28;0.0;0.0;0.0;0.0;5003;28;0.0;0.0;0.0;0.0;4999.5;0.0
-2;34.0;4997;6;4996.0;20.0;0.0;0.0;5003;20;0.0;0.0;0.0;0.0;5000.0;0.0
-2;35.0;4998;3;4997.0;23.0;0.0;0.0;5003;1;5004.0;22.0;0.0;0.0;5000.5;0.0
-2;36.0;5002;1;4997.0;31.0;0.0;0.0;5004;31;0.0;0.0;0.0;0.0;5003.0;0.0
-2;37.0;4997;26;0.0;0.0;0.0;0.0;5004;26;0.0;0.0;0.0;0.0;5000.5;0.0
-2;38.0;4997;27;0.0;0.0;0.0;0.0;5004;27;0.0;0.0;0.0;0.0;5000.5;0.0
-2;39.0;4998;2;4997.0;27.0;0.0;0.0;5004;27;0.0;0.0;0.0;0.0;5001.0;0.0
-2;40.0;4997;26;0.0;0.0;0.0;0.0;5002;1;5003.0;1.0;5004.0;25.0;4999.5;0.0
-2;41.0;4998;4;4997.0;27.0;0.0;0.0;5004;27;0.0;0.0;0.0;0.0;5001.0;0.0
-2;42.0;4997;28;0.0;0.0;0.0;0.0;5002;5;5004.0;28.0;0.0;0.0;4999.5;0.0
-2;43.0;4998;1;4997.0;23.0;0.0;0.0;5004;25;0.0;0.0;0.0;0.0;5001.0;0.0
-2;44.0;4997;26;0.0;0.0;0.0;0.0;5004;26;0.0;0.0;0.0;0.0;5000.5;0.0
-2;45.0;4997;29;0.0;0.0;0.0;0.0;5002;2;5003.0;1.0;5004.0;28.0;4999.5;0.0
-2;46.0;4997;1;4996.0;29.0;0.0;0.0;5003;30;0.0;0.0;0.0;0.0;5000.0;0.0
-2;47.0;4997;31;0.0;0.0;0.0;0.0;5004;31;0.0;0.0;0.0;0.0;5000.5;0.0
-2;48.0;4997;30;0.0;0.0;0.0;0.0;5003;1;5004.0;29.0;0.0;0.0;5000.0;0.0
-2;49.0;4997;26;0.0;0.0;0.0;0.0;5004;26;0.0;0.0;0.0;0.0;5000.5;0.0
-2;50.0;4997;2;4996.0;22.0;0.0;0.0;5003;24;0.0;0.0;0.0;0.0;5000.0;0.0
-2;51.0;4997;21;0.0;0.0;0.0;0.0;4998;3;5004.0;21.0;0.0;0.0;4997.5;0.0
-2;52.0;4998;2;4997.0;29.0;0.0;0.0;5004;31;0.0;0.0;0.0;0.0;5001.0;0.0
-2;53.0;4997;27;0.0;0.0;0.0;0.0;5003;2;5004.0;25.0;0.0;0.0;5000.0;0.0
-2;54.0;4997;23;0.0;0.0;0.0;0.0;5004;23;0.0;0.0;0.0;0.0;5000.5;0.0
-2;55.0;4998;1;4997.0;29.0;0.0;0.0;5004;30;0.0;0.0;0.0;0.0;5001.0;0.0
-2;56.0;5002;4;4998.0;3.0;4997.0;28.0;5004;30;0.0;0.0;0.0;0.0;5003.0;0.0
-2;57.0;5001;6;4998.0;32.0;0.0;0.0;5004;2;5005.0;30.0;0.0;0.0;5002.5;0.0
-2;58.0;4999;29;0.0;0.0;0.0;0.0;5004;4;5006.0;29.0;0.0;0.0;5001.5;0.0
-2;59.0;4999;28;0.0;0.0;0.0;0.0;5006;28;0.0;0.0;0.0;0.0;5002.5;0.0
-2;60.0;4999;29;0.0;0.0;0.0;0.0;5005;1;5006.0;28.0;0.0;0.0;5002.0;0.0
-2;61.0;4999;2;4998.0;21.0;0.0;0.0;5005;23;0.0;0.0;0.0;0.0;5002.0;0.0
-2;62.0;4999;27;0.0;0.0;0.0;0.0;5005;1;5006.0;26.0;0.0;0.0;5002.0;0.0
-2;63.0;5000;8;4999.0;25.0;0.0;0.0;5005;2;5006.0;23.0;0.0;0.0;5002.5;0.0
-2;64.0;4998;26;0.0;0.0;0.0;0.0;5005;26;0.0;0.0;0.0;0.0;5001.5;0.0
-2;65.0;4998;26;0.0;0.0;0.0;0.0;4999;1;5005.0;26.0;0.0;0.0;4998.5;0.0
-2;66.0;4999;22;0.0;0.0;0.0;0.0;5005;1;5006.0;21.0;0.0;0.0;5002.0;0.0
-2;67.0;4998;25;0.0;0.0;0.0;0.0;4999;1;5005.0;25.0;0.0;0.0;4998.5;0.0
-2;68.0;4998;28;0.0;0.0;0.0;0.0;4999;4;5004.0;1.0;5005.0;27.0;4998.5;0.0
-2;69.0;4998;8;4997.0;24.0;0.0;0.0;5003;1;5004.0;23.0;0.0;0.0;5000.5;0.0
-2;70.0;4997;28;0.0;0.0;0.0;0.0;5004;28;0.0;0.0;0.0;0.0;5000.5;0.0
-2;71.0;4997;24;0.0;0.0;0.0;0.0;5002;5;5004.0;24.0;0.0;0.0;4999.5;0.0
-2;72.0;4998;26;0.0;0.0;0.0;0.0;4999;5;5005.0;26.0;0.0;0.0;4998.5;0.0
-2;73.0;4998;27;0.0;0.0;0.0;0.0;5005;27;0.0;0.0;0.0;0.0;5001.5;0.0
-2;74.0;4997;27;0.0;0.0;0.0;0.0;5004;28;0.0;0.0;0.0;0.0;5000.5;0.0
-2;75.0;5003;1;4998.0;28.0;0.0;0.0;5005;28;0.0;0.0;0.0;0.0;5004.0;0.0
-2;76.0;4998;26;0.0;0.0;0.0;0.0;5004;1;5005.0;25.0;0.0;0.0;5001.0;0.0
-2;77.0;4997;30;0.0;0.0;0.0;0.0;5004;30;0.0;0.0;0.0;0.0;5000.5;0.0
-2;78.0;4997;26;0.0;0.0;0.0;0.0;5004;26;0.0;0.0;0.0;0.0;5000.5;0.0
-2;79.0;5002;1;4998.0;1.0;4997.0;21.0;5004;22;0.0;0.0;0.0;0.0;5003.0;0.0
-2;80.0;4998;30;0.0;0.0;0.0;0.0;5004;1;5005.0;29.0;0.0;0.0;5001.0;0.0
-2;81.0;4998;24;0.0;0.0;0.0;0.0;5005;24;0.0;0.0;0.0;0.0;5001.5;0.0
-2;82.0;4998;21;0.0;0.0;0.0;0.0;5004;1;5005.0;20.0;0.0;0.0;5001.0;0.0
-2;83.0;5003;1;4997.0;30.0;0.0;0.0;5004;30;0.0;0.0;0.0;0.0;5003.5;0.0
-2;84.0;4999;2;4998.0;29.0;0.0;0.0;5005;29;0.0;0.0;0.0;0.0;5002.0;0.0
-2;85.0;4998;25;0.0;0.0;0.0;0.0;5005;25;0.0;0.0;0.0;0.0;5001.5;0.0
-2;86.0;4998;1;4997.0;23.0;0.0;0.0;5002;2;5004.0;24.0;0.0;0.0;5000.0;0.0
-2;87.0;4998;1;4997.0;27.0;0.0;0.0;5004;28;0.0;0.0;0.0;0.0;5001.0;0.0
-2;88.0;5002;9;4998.0;6.0;4997.0;24.0;5004;24;0.0;0.0;0.0;0.0;5003.0;0.0
-2;89.0;5003;1;4997.0;20.0;0.0;0.0;5004;20;0.0;0.0;0.0;0.0;5003.5;0.0
-2;90.0;4999;1;4998.0;27.0;0.0;0.0;5004;1;5005.0;26.0;0.0;0.0;5001.5;0.0
-2;91.0;4997;31;0.0;0.0;0.0;0.0;5002;7;5004.0;31.0;0.0;0.0;4999.5;0.0
-2;92.0;4998;24;0.0;0.0;0.0;0.0;5005;24;0.0;0.0;0.0;0.0;5001.5;0.0
-2;93.0;4997;28;0.0;0.0;0.0;0.0;5004;28;0.0;0.0;0.0;0.0;5000.5;0.0
-2;94.0;5001;5;4998.0;28.0;0.0;0.0;5004;2;5005.0;26.0;0.0;0.0;5002.5;0.0
-2;95.0;4997;27;0.0;0.0;0.0;0.0;5002;7;5004.0;27.0;0.0;0.0;4999.5;0.0
-2;96.0;4998;4;4997.0;25.0;0.0;0.0;5004;25;0.0;0.0;0.0;0.0;5001.0;0.0
-2;97.0;5000;3;4998.0;4.0;4997.0;31.0;5004;31;0.0;0.0;0.0;0.0;5002.0;0.0
-2;98.0;4997;30;0.0;0.0;0.0;0.0;5004;30;0.0;0.0;0.0;0.0;5000.5;0.0
-2;99.0;4998;7;4997.0;25.0;0.0;0.0;5003;2;5004.0;23.0;0.0;0.0;5000.5;0.0
-2;100.0;4997;2;4996.0;25.0;0.0;0.0;5001;1;5003.0;27.0;0.0;0.0;4999.0;0.0
-2;101.0;4996;31;0.0;0.0;0.0;0.0;5003;31;0.0;0.0;0.0;0.0;4999.5;0.0
-2;102.0;4998;6;4995.0;25.0;0.0;0.0;5002;25;0.0;0.0;0.0;0.0;5000.0;0.0
-2;103.0;4996;1;4995.0;29.0;0.0;0.0;5002;30;0.0;0.0;0.0;0.0;4999.0;0.0
-2;104.0;5001;1;4996.0;23.0;0.0;0.0;5003;23;0.0;0.0;0.0;0.0;5002.0;0.0
-2;105.0;4996;23;0.0;0.0;0.0;0.0;5003;23;0.0;0.0;0.0;0.0;4999.5;0.0
-2;106.0;4996;20;0.0;0.0;0.0;0.0;5003;20;0.0;0.0;0.0;0.0;4999.5;0.0
-2;107.0;4997;30;0.0;0.0;0.0;0.0;5002;4;5004.0;30.0;0.0;0.0;4999.5;0.0
-2;108.0;4997;29;0.0;0.0;0.0;0.0;5004;29;0.0;0.0;0.0;0.0;5000.5;0.0
-2;109.0;4997;24;0.0;0.0;0.0;0.0;5004;24;0.0;0.0;0.0;0.0;5000.5;0.0
-2;110.0;4998;22;0.0;0.0;0.0;0.0;5005;22;0.0;0.0;0.0;0.0;5001.5;0.0
-2;111.0;4997;27;0.0;0.0;0.0;0.0;5004;27;0.0;0.0;0.0;0.0;5000.5;0.0
-2;112.0;4998;29;0.0;0.0;0.0;0.0;5005;29;0.0;0.0;0.0;0.0;5001.5;0.0
-2;113.0;4998;1;4997.0;20.0;0.0;0.0;5004;21;0.0;0.0;0.0;0.0;5001.0;0.0
-2;114.0;4998;22;0.0;0.0;0.0;0.0;5004;2;5005.0;21.0;0.0;0.0;5001.0;0.0
-2;115.0;4997;29;0.0;0.0;0.0;0.0;5004;30;0.0;0.0;0.0;0.0;5000.5;0.0
-2;116.0;4997;24;0.0;0.0;0.0;0.0;5004;24;0.0;0.0;0.0;0.0;5000.5;0.0
-2;117.0;4997;30;0.0;0.0;0.0;0.0;5004;30;0.0;0.0;0.0;0.0;5000.5;0.0
-2;118.0;4997;23;0.0;0.0;0.0;0.0;5003;1;5004.0;22.0;0.0;0.0;5000.0;0.0
-2;119.0;4998;2;4997.0;29.0;0.0;0.0;5004;31;0.0;0.0;0.0;0.0;5001.0;0.0
-2;120.0;4998;23;0.0;0.0;0.0;0.0;5004;1;5005.0;22.0;0.0;0.0;5001.0;0.0
-2;121.0;4998;30;0.0;0.0;0.0;0.0;4999;2;5004.0;2.0;5005.0;28.0;4998.5;0.0
-2;122.0;4998;7;4997.0;21.0;0.0;0.0;5004;21;0.0;0.0;0.0;0.0;5001.0;0.0
-2;123.0;4997;23;0.0;0.0;0.0;0.0;5004;23;0.0;0.0;0.0;0.0;5000.5;0.0
-2;124.0;4997;28;0.0;0.0;0.0;0.0;5004;28;0.0;0.0;0.0;0.0;5000.5;0.0
-2;125.0;4998;25;0.0;0.0;0.0;0.0;5005;25;0.0;0.0;0.0;0.0;5001.5;0.0
-2;126.0;4999;1;4998.0;29.0;0.0;0.0;5005;29;0.0;0.0;0.0;0.0;5002.0;0.0
-2;127.0;4998;27;0.0;0.0;0.0;0.0;5004;1;5005.0;26.0;0.0;0.0;5001.0;0.0
-2;128.0;4998;1;4997.0;22.0;0.0;0.0;5004;23;0.0;0.0;0.0;0.0;5001.0;0.0
-2;129.0;4997;20;0.0;0.0;0.0;0.0;5004;20;0.0;0.0;0.0;0.0;5000.5;0.0
-2;130.0;5002;1;4997.0;20.0;0.0;0.0;5004;20;0.0;0.0;0.0;0.0;5003.0;0.0
-2;131.0;5001;2;4997.0;1.0;4996.0;30.0;5003;31;0.0;0.0;0.0;0.0;5002.0;0.0
-2;132.0;4999;6;4997.0;1.0;4996.0;21.0;5003;22;0.0;0.0;0.0;0.0;5001.0;0.0
-2;133.0;4997;23;0.0;0.0;0.0;0.0;5003;1;5004.0;22.0;0.0;0.0;5000.0;0.0
-2;134.0;4997;29;0.0;0.0;0.0;0.0;5004;29;0.0;0.0;0.0;0.0;5000.5;0.0
-2;135.0;4997;28;0.0;0.0;0.0;0.0;5004;28;0.0;0.0;0.0;0.0;5000.5;0.0
-2;136.0;4997;27;0.0;0.0;0.0;0.0;4998;1;5002.0;4.0;5004.0;27.0;4997.5;0.0
-2;137.0;5000;3;4997.0;24.0;0.0;0.0;5004;24;0.0;0.0;0.0;0.0;5002.0;0.0
-2;138.0;4998;21;0.0;0.0;0.0;0.0;5004;1;5005.0;20.0;0.0;0.0;5001.0;0.0
-2;139.0;4998;22;0.0;0.0;0.0;0.0;5005;22;0.0;0.0;0.0;0.0;5001.5;0.0
-2;140.0;4998;21;0.0;0.0;0.0;0.0;5005;21;0.0;0.0;0.0;0.0;5001.5;0.0
-2;141.0;4997;25;0.0;0.0;0.0;0.0;5004;25;0.0;0.0;0.0;0.0;5000.5;0.0
-2;142.0;4997;27;0.0;0.0;0.0;0.0;5004;27;0.0;0.0;0.0;0.0;5000.5;0.0
-2;143.0;4998;2;4997.0;23.0;0.0;0.0;5004;25;0.0;0.0;0.0;0.0;5001.0;0.0
-2;144.0;4997;25;0.0;0.0;0.0;0.0;4998;1;5004.0;25.0;0.0;0.0;4997.5;0.0
-2;145.0;4997;20;0.0;0.0;0.0;0.0;5004;20;0.0;0.0;0.0;0.0;5000.5;0.0
-2;146.0;4997;31;0.0;0.0;0.0;0.0;5003;1;5004.0;30.0;0.0;0.0;5000.0;0.0
-2;147.0;4997;21;0.0;0.0;0.0;0.0;5004;21;0.0;0.0;0.0;0.0;5000.5;0.0
-2;148.0;4997;20;0.0;0.0;0.0;0.0;5002;4;5004.0;20.0;0.0;0.0;4999.5;0.0
-2;149.0;4998;3;4997.0;30.0;0.0;0.0;5004;30;0.0;0.0;0.0;0.0;5001.0;0.0
-2;150.0;4998;1;4997.0;29.0;0.0;0.0;5004;29;0.0;0.0;0.0;0.0;5001.0;0.0
-2;151.0;4998;23;0.0;0.0;0.0;0.0;5004;2;5005.0;21.0;0.0;0.0;5001.0;0.0
-2;152.0;4997;29;0.0;0.0;0.0;0.0;5004;29;0.0;0.0;0.0;0.0;5000.5;0.0
-2;153.0;4997;28;0.0;0.0;0.0;0.0;5004;28;0.0;0.0;0.0;0.0;5000.5;0.0
-2;154.0;4997;26;0.0;0.0;0.0;0.0;5004;26;0.0;0.0;0.0;0.0;5000.5;0.0
-2;155.0;4997;22;0.0;0.0;0.0;0.0;5004;22;0.0;0.0;0.0;0.0;5000.5;0.0
-2;156.0;4997;25;0.0;0.0;0.0;0.0;5002;1;5003.0;1.0;5004.0;24.0;4999.5;0.0
-2;157.0;4996;25;0.0;0.0;0.0;0.0;5003;25;0.0;0.0;0.0;0.0;4999.5;0.0
-2;158.0;4997;31;0.0;0.0;0.0;0.0;5003;2;5004.0;29.0;0.0;0.0;5000.0;0.0
-2;159.0;4997;21;0.0;0.0;0.0;0.0;5004;21;0.0;0.0;0.0;0.0;5000.5;0.0
-2;160.0;4997;26;0.0;0.0;0.0;0.0;5004;26;0.0;0.0;0.0;0.0;5000.5;0.0
-2;161.0;4997;22;0.0;0.0;0.0;0.0;5002;8;5004.0;22.0;0.0;0.0;4999.5;0.0
-2;162.0;5002;1;4997.0;27.0;0.0;0.0;5003;2;5004.0;25.0;0.0;0.0;5002.5;0.0
-2;163.0;4999;4;4997.0;5.0;4996.0;30.0;5003;30;0.0;0.0;0.0;0.0;5001.0;0.0
-2;164.0;4996;30;0.0;0.0;0.0;0.0;5003;30;0.0;0.0;0.0;0.0;4999.5;0.0
-2;165.0;4996;2;4995.0;27.0;0.0;0.0;4998;6;5002.0;29.0;0.0;0.0;4997.0;0.0
-2;166.0;4996;27;0.0;0.0;0.0;0.0;5002;1;5003.0;26.0;0.0;0.0;4999.0;0.0
-2;167.0;4996;23;0.0;0.0;0.0;0.0;5003;23;0.0;0.0;0.0;0.0;4999.5;0.0
-2;168.0;4995;24;0.0;0.0;0.0;0.0;5002;24;0.0;0.0;0.0;0.0;4998.5;0.0
-2;169.0;4996;21;0.0;0.0;0.0;0.0;5003;21;0.0;0.0;0.0;0.0;4999.5;0.0
-2;170.0;4996;26;0.0;0.0;0.0;0.0;5003;26;0.0;0.0;0.0;0.0;4999.5;0.0
-2;171.0;4996;29;0.0;0.0;0.0;0.0;5003;29;0.0;0.0;0.0;0.0;4999.5;0.0
-2;172.0;4996;25;0.0;0.0;0.0;0.0;5003;25;0.0;0.0;0.0;0.0;4999.5;0.0
-2;173.0;4996;29;0.0;0.0;0.0;0.0;4997;9;5003.0;30.0;0.0;0.0;4996.5;0.0
-2;174.0;4996;25;0.0;0.0;0.0;0.0;5003;25;0.0;0.0;0.0;0.0;4999.5;0.0
-2;175.0;4996;26;0.0;0.0;0.0;0.0;5003;26;0.0;0.0;0.0;0.0;4999.5;0.0
-2;176.0;4997;3;4996.0;22.0;0.0;0.0;5003;22;0.0;0.0;0.0;0.0;5000.0;0.0
-2;177.0;4997;2;4996.0;29.0;0.0;0.0;5003;31;0.0;0.0;0.0;0.0;5000.0;0.0
-2;178.0;4996;2;4995.0;26.0;0.0;0.0;5002;28;0.0;0.0;0.0;0.0;4999.0;0.0
-2;179.0;4996;30;0.0;0.0;0.0;0.0;5002;1;5003.0;29.0;0.0;0.0;4999.0;0.0
-2;180.0;4995;22;0.0;0.0;0.0;0.0;5002;22;0.0;0.0;0.0;0.0;4998.5;0.0
-2;181.0;4998;3;4996.0;1.0;4995.0;29.0;5002;30;0.0;0.0;0.0;0.0;5000.0;0.0
-2;182.0;4996;26;0.0;0.0;0.0;0.0;5003;27;0.0;0.0;0.0;0.0;4999.5;0.0
-2;183.0;4996;9;4995.0;28.0;0.0;0.0;5002;29;0.0;0.0;0.0;0.0;4999.0;0.0
-2;184.0;4995;27;0.0;0.0;0.0;0.0;5000;8;5002.0;27.0;0.0;0.0;4997.5;0.0
-2;185.0;4995;21;0.0;0.0;0.0;0.0;5002;21;0.0;0.0;0.0;0.0;4998.5;0.0
-2;186.0;4995;26;0.0;0.0;0.0;0.0;5000;7;5002.0;26.0;0.0;0.0;4997.5;0.0
-2;187.0;4996;30;0.0;0.0;0.0;0.0;5002;1;5003.0;30.0;0.0;0.0;4999.0;0.0
-2;188.0;4999;3;4997.0;8.0;4996.0;32.0;5003;32;0.0;0.0;0.0;0.0;5001.0;0.0
-2;189.0;4996;26;0.0;0.0;0.0;0.0;5002;2;5003.0;24.0;0.0;0.0;4999.0;0.0
-2;190.0;4996;25;0.0;0.0;0.0;0.0;5001;5;5003.0;25.0;0.0;0.0;4998.5;0.0
-2;191.0;4995;24;0.0;0.0;0.0;0.0;5002;24;0.0;0.0;0.0;0.0;4998.5;0.0
-2;192.0;4996;1;4995.0;23.0;0.0;0.0;5000;8;5002.0;24.0;0.0;0.0;4998.0;0.0
-2;193.0;4996;23;0.0;0.0;0.0;0.0;5003;24;0.0;0.0;0.0;0.0;4999.5;0.0
-2;194.0;4996;31;0.0;0.0;0.0;0.0;5002;2;5003.0;29.0;0.0;0.0;4999.0;0.0
-2;195.0;4995;22;0.0;0.0;0.0;0.0;5002;23;0.0;0.0;0.0;0.0;4998.5;0.0
-2;196.0;4996;2;4995.0;29.0;0.0;0.0;5002;31;0.0;0.0;0.0;0.0;4999.0;0.0
-2;197.0;4997;1;4996.0;21.0;0.0;0.0;5003;22;0.0;0.0;0.0;0.0;5000.0;0.0
-2;198.0;4997;1;4996.0;25.0;0.0;0.0;5003;26;0.0;0.0;0.0;0.0;5000.0;0.0
-2;199.0;4996;23;0.0;0.0;0.0;0.0;5003;23;0.0;0.0;0.0;0.0;4999.5;0.0
-2;200.0;4997;2;4996.0;24.0;0.0;0.0;5003;26;0.0;0.0;0.0;0.0;5000.0;0.0
-2;201.0;4996;28;0.0;0.0;0.0;0.0;5003;28;0.0;0.0;0.0;0.0;4999.5;0.0
-2;202.0;4996;30;0.0;0.0;0.0;0.0;5001;7;5003.0;30.0;0.0;0.0;4998.5;0.0
-2;203.0;4997;1;4996.0;28.0;0.0;0.0;5002;1;5003.0;27.0;0.0;0.0;4999.5;0.0
-2;204.0;5002;1;4997.0;1.0;4996.0;25.0;5003;25;0.0;0.0;0.0;0.0;5002.5;0.0
-2;205.0;4996;25;0.0;0.0;0.0;0.0;5003;25;0.0;0.0;0.0;0.0;4999.5;0.0
-2;206.0;4996;25;0.0;0.0;0.0;0.0;5001;7;5003.0;25.0;0.0;0.0;4998.5;0.0
-2;207.0;4996;21;0.0;0.0;0.0;0.0;5003;21;0.0;0.0;0.0;0.0;4999.5;0.0
-2;208.0;4996;23;0.0;0.0;0.0;0.0;5002;1;5003.0;22.0;0.0;0.0;4999.0;0.0
-2;209.0;4996;5;4995.0;23.0;0.0;0.0;5002;23;0.0;0.0;0.0;0.0;4999.0;0.0
-2;210.0;4995;30;0.0;0.0;0.0;0.0;5002;30;0.0;0.0;0.0;0.0;4998.5;0.0
-2;211.0;4996;1;4995.0;28.0;0.0;0.0;5002;29;0.0;0.0;0.0;0.0;4999.0;0.0
-2;212.0;4996;1;4995.0;22.0;0.0;0.0;5002;23;0.0;0.0;0.0;0.0;4999.0;0.0
-2;213.0;4996;1;4995.0;27.0;0.0;0.0;5002;28;0.0;0.0;0.0;0.0;4999.0;0.0
-2;214.0;4996;2;4995.0;27.0;0.0;0.0;5002;29;0.0;0.0;0.0;0.0;4999.0;0.0
-2;215.0;4996;23;0.0;0.0;0.0;0.0;5001;6;5002.0;2.0;5003.0;21.0;4998.5;0.0
-2;216.0;4996;26;0.0;0.0;0.0;0.0;5002;1;5003.0;25.0;0.0;0.0;4999.0;0.0
-2;217.0;4996;23;0.0;0.0;0.0;0.0;5001;8;5003.0;23.0;0.0;0.0;4998.5;0.0
-2;218.0;4995;22;0.0;0.0;0.0;0.0;5002;22;0.0;0.0;0.0;0.0;4998.5;0.0
-2;219.0;4996;27;0.0;0.0;0.0;0.0;5001;5;5003.0;27.0;0.0;0.0;4998.5;0.0
-2;220.0;4996;21;0.0;0.0;0.0;0.0;5003;21;0.0;0.0;0.0;0.0;4999.5;0.0
-2;221.0;4996;24;0.0;0.0;0.0;0.0;5003;24;0.0;0.0;0.0;0.0;4999.5;0.0
-2;222.0;4998;2;4997.0;26.0;0.0;0.0;5004;26;0.0;0.0;0.0;0.0;5001.0;0.0
-2;223.0;4997;27;0.0;0.0;0.0;0.0;5004;27;0.0;0.0;0.0;0.0;5000.5;0.0
-2;224.0;4997;26;0.0;0.0;0.0;0.0;5004;27;0.0;0.0;0.0;0.0;5000.5;0.0
-2;225.0;5002;1;4996.0;29.0;0.0;0.0;5003;29;0.0;0.0;0.0;0.0;5002.5;0.0
-2;226.0;4997;5;4996.0;29.0;0.0;0.0;5003;30;0.0;0.0;0.0;0.0;5000.0;0.0
-2;227.0;4997;22;0.0;0.0;0.0;0.0;4998;2;5002.0;7.0;5004.0;22.0;4997.5;0.0
-2;228.0;4997;8;4996.0;27.0;0.0;0.0;5003;27;0.0;0.0;0.0;0.0;5000.0;0.0
-2;229.0;4996;22;0.0;0.0;0.0;0.0;5002;2;5003.0;20.0;0.0;0.0;4999.0;0.0
-2;230.0;4996;22;0.0;0.0;0.0;0.0;4998;2;5003.0;22.0;0.0;0.0;4997.0;0.0
-2;231.0;4996;26;0.0;0.0;0.0;0.0;5003;26;0.0;0.0;0.0;0.0;4999.5;0.0
-2;232.0;4996;22;0.0;0.0;0.0;0.0;5001;2;5002.0;1.0;5003.0;21.0;4998.5;0.0
-2;233.0;4997;29;0.0;0.0;0.0;0.0;5004;29;0.0;0.0;0.0;0.0;5000.5;0.0
-2;234.0;5001;4;4999.0;5.0;4998.0;22.0;5004;2;5005.0;20.0;0.0;0.0;5002.5;0.0
-2;235.0;4998;21;0.0;0.0;0.0;0.0;5005;21;0.0;0.0;0.0;0.0;5001.5;0.0
-2;236.0;4998;22;0.0;0.0;0.0;0.0;5005;22;0.0;0.0;0.0;0.0;5001.5;0.0
-2;237.0;4999;4;4998.0;23.0;0.0;0.0;5005;23;0.0;0.0;0.0;0.0;5002.0;0.0
-2;238.0;4997;27;0.0;0.0;0.0;0.0;5002;1;5004.0;27.0;0.0;0.0;4999.5;0.0
-2;239.0;4998;2;4997.0;27.0;0.0;0.0;5004;29;0.0;0.0;0.0;0.0;5001.0;0.0
-2;240.0;4997;23;0.0;0.0;0.0;0.0;5004;23;0.0;0.0;0.0;0.0;5000.5;0.0
-2;241.0;5001;2;4997.0;2.0;4996.0;24.0;5003;26;0.0;0.0;0.0;0.0;5002.0;0.0
-2;242.0;4996;31;0.0;0.0;0.0;0.0;5003;31;0.0;0.0;0.0;0.0;4999.5;0.0
-2;243.0;4996;32;0.0;0.0;0.0;0.0;5001;5;5003.0;32.0;0.0;0.0;4998.5;0.0
-2;244.0;4996;29;0.0;0.0;0.0;0.0;5003;29;0.0;0.0;0.0;0.0;4999.5;0.0
-2;245.0;4997;4;4996.0;29.0;0.0;0.0;5003;29;0.0;0.0;0.0;0.0;5000.0;0.0
-2;246.0;5002;1;4997.0;2.0;4996.0;20.0;5003;22;0.0;0.0;0.0;0.0;5002.5;0.0
-2;247.0;4996;30;0.0;0.0;0.0;0.0;5003;30;0.0;0.0;0.0;0.0;4999.5;0.0
-2;248.0;4996;27;0.0;0.0;0.0;0.0;5001;8;5003.0;27.0;0.0;0.0;4998.5;0.0
-2;249.0;4995;23;0.0;0.0;0.0;0.0;5002;23;0.0;0.0;0.0;0.0;4998.5;0.0
-2;250.0;4995;28;0.0;0.0;0.0;0.0;5002;28;0.0;0.0;0.0;0.0;4998.5;0.0
-2;251.0;4995;24;0.0;0.0;0.0;0.0;5002;24;0.0;0.0;0.0;0.0;4998.5;0.0
-2;252.0;5001;1;4995.0;24.0;0.0;0.0;5002;24;0.0;0.0;0.0;0.0;5001.5;0.0
-2;253.0;4996;1;4995.0;25.0;0.0;0.0;5002;26;0.0;0.0;0.0;0.0;4999.0;0.0
-2;254.0;4995;23;0.0;0.0;0.0;0.0;5000;2;5002.0;23.0;0.0;0.0;4997.5;0.0
-2;255.0;4995;22;0.0;0.0;0.0;0.0;5002;22;0.0;0.0;0.0;0.0;4998.5;0.0
-2;256.0;4995;2;4994.0;29.0;0.0;0.0;5001;31;0.0;0.0;0.0;0.0;4998.0;0.0
-2;257.0;4994;31;0.0;0.0;0.0;0.0;4999;5;5001.0;31.0;0.0;0.0;4996.5;0.0
-2;258.0;4995;30;0.0;0.0;0.0;0.0;5001;2;5002.0;28.0;0.0;0.0;4998.0;0.0
-2;259.0;4998;3;4995.0;24.0;0.0;0.0;5002;24;0.0;0.0;0.0;0.0;5000.0;0.0
-2;260.0;4995;25;0.0;0.0;0.0;0.0;5000;1;5001.0;1.0;5002.0;24.0;4997.5;0.0
-2;261.0;4995;2;4994.0;24.0;0.0;0.0;5001;26;0.0;0.0;0.0;0.0;4998.0;0.0
-2;262.0;4995;2;4994.0;21.0;0.0;0.0;5001;23;0.0;0.0;0.0;0.0;4998.0;0.0
-2;263.0;4999;1;4994.0;30.0;0.0;0.0;5001;30;0.0;0.0;0.0;0.0;5000.0;0.0
-2;264.0;4994;27;0.0;0.0;0.0;0.0;4999;1;5001.0;28.0;0.0;0.0;4996.5;0.0
-2;265.0;4993;24;0.0;0.0;0.0;0.0;4994;1;5000.0;24.0;0.0;0.0;4993.5;0.0
-2;266.0;4993;26;0.0;0.0;0.0;0.0;5000;26;0.0;0.0;0.0;0.0;4996.5;0.0
-2;267.0;4993;23;0.0;0.0;0.0;0.0;5000;23;0.0;0.0;0.0;0.0;4996.5;0.0
-2;268.0;4996;2;4993.0;23.0;0.0;0.0;4998;3;4999.0;1.0;5000.0;22.0;4997.0;0.0
-2;269.0;4998;1;4992.0;22.0;0.0;0.0;4999;22;0.0;0.0;0.0;0.0;4998.5;0.0
-2;270.0;4991;26;0.0;0.0;0.0;0.0;4998;26;0.0;0.0;0.0;0.0;4994.5;0.0
-2;271.0;4991;21;0.0;0.0;0.0;0.0;4993;4;4998.0;21.0;0.0;0.0;4992.0;0.0
-2;272.0;4991;30;0.0;0.0;0.0;0.0;4998;30;0.0;0.0;0.0;0.0;4994.5;0.0
-2;273.0;4991;27;0.0;0.0;0.0;0.0;4996;4;4998.0;28.0;0.0;0.0;4993.5;0.0
-2;274.0;4991;30;0.0;0.0;0.0;0.0;4998;30;0.0;0.0;0.0;0.0;4994.5;0.0
-2;275.0;4991;23;0.0;0.0;0.0;0.0;4994;6;4998.0;23.0;0.0;0.0;4992.5;0.0
-2;276.0;4992;28;0.0;0.0;0.0;0.0;4998;2;4999.0;26.0;0.0;0.0;4995.0;0.0
-2;277.0;4992;30;0.0;0.0;0.0;0.0;4997;1;4998.0;1.0;4999.0;29.0;4994.5;0.0
-2;278.0;4995;3;4992.0;27.0;0.0;0.0;4999;27;0.0;0.0;0.0;0.0;4997.0;0.0
-2;279.0;4992;24;0.0;0.0;0.0;0.0;4998;1;4999.0;23.0;0.0;0.0;4995.0;0.0
-2;280.0;4992;23;0.0;0.0;0.0;0.0;4999;23;0.0;0.0;0.0;0.0;4995.5;0.0
-2;281.0;4992;29;0.0;0.0;0.0;0.0;4999;29;0.0;0.0;0.0;0.0;4995.5;0.0
-2;282.0;4992;24;0.0;0.0;0.0;0.0;4995;5;4999.0;24.0;0.0;0.0;4993.5;0.0
-2;283.0;4993;1;4992.0;25.0;0.0;0.0;4999;25;0.0;0.0;0.0;0.0;4996.0;0.0
-2;284.0;4992;27;0.0;0.0;0.0;0.0;4997;7;4999.0;27.0;0.0;0.0;4994.5;0.0
-2;285.0;4992;2;4991.0;23.0;0.0;0.0;4998;25;0.0;0.0;0.0;0.0;4995.0;0.0
-2;286.0;4991;27;0.0;0.0;0.0;0.0;4998;27;0.0;0.0;0.0;0.0;4994.5;0.0
-2;287.0;4991;26;0.0;0.0;0.0;0.0;4998;26;0.0;0.0;0.0;0.0;4994.5;0.0
-2;288.0;4991;2;4990.0;32.0;0.0;0.0;4997;32;0.0;0.0;0.0;0.0;4994.0;0.0
-2;289.0;4995;1;4990.0;29.0;0.0;0.0;4996;2;4997.0;27.0;0.0;0.0;4995.5;0.0
-2;290.0;4989;22;0.0;0.0;0.0;0.0;4996;22;0.0;0.0;0.0;0.0;4992.5;0.0
-2;291.0;4990;2;4989.0;24.0;0.0;0.0;4996;26;0.0;0.0;0.0;0.0;4993.0;0.0
-2;292.0;4991;8;4990.0;22.0;0.0;0.0;4996;1;4997.0;21.0;0.0;0.0;4993.5;0.0
-2;293.0;4995;2;4991.0;30.0;0.0;0.0;4998;30;0.0;0.0;0.0;0.0;4996.5;0.0
-2;294.0;4992;3;4991.0;23.0;0.0;0.0;4997;23;0.0;0.0;0.0;0.0;4994.5;0.0
-2;295.0;4991;25;0.0;0.0;0.0;0.0;4998;25;0.0;0.0;0.0;0.0;4994.5;0.0
-2;296.0;4991;31;0.0;0.0;0.0;0.0;4998;31;0.0;0.0;0.0;0.0;4994.5;0.0
-2;297.0;4991;24;0.0;0.0;0.0;0.0;4998;24;0.0;0.0;0.0;0.0;4994.5;0.0
-2;298.0;4991;30;0.0;0.0;0.0;0.0;4997;1;4998.0;29.0;0.0;0.0;4994.0;0.0
-2;299.0;4990;22;0.0;0.0;0.0;0.0;4997;22;0.0;0.0;0.0;0.0;4993.5;0.0
-2;300.0;4990;29;0.0;0.0;0.0;0.0;4995;1;4996.0;2.0;4997.0;27.0;4992.5;0.0
-2;301.0;4990;28;0.0;0.0;0.0;0.0;4997;28;0.0;0.0;0.0;0.0;4993.5;0.0
-2;302.0;4993;6;4992.0;7.0;4991.0;21.0;4997;21;0.0;0.0;0.0;0.0;4995.0;0.0
-2;303.0;4991;28;0.0;0.0;0.0;0.0;4997;1;4998.0;27.0;0.0;0.0;4994.0;0.0
-2;304.0;4996;1;4992.0;2.0;4991.0;30.0;4998;30;0.0;0.0;0.0;0.0;4997.0;0.0
-2;305.0;4991;29;0.0;0.0;0.0;0.0;4997;1;4998.0;29.0;0.0;0.0;4994.0;0.0
-2;306.0;4991;20;0.0;0.0;0.0;0.0;4998;20;0.0;0.0;0.0;0.0;4994.5;0.0
-2;307.0;4992;30;0.0;0.0;0.0;0.0;4998;1;4999.0;29.0;0.0;0.0;4995.0;0.0
-2;308.0;4992;25;0.0;0.0;0.0;0.0;4998;1;4999.0;24.0;0.0;0.0;4995.0;0.0
-2;309.0;4992;30;0.0;0.0;0.0;0.0;4998;1;4999.0;29.0;0.0;0.0;4995.0;0.0
-2;310.0;4991;29;0.0;0.0;0.0;0.0;4992;1;4998.0;29.0;0.0;0.0;4991.5;0.0
-2;311.0;4992;30;0.0;0.0;0.0;0.0;4997;2;4998.0;2.0;4999.0;28.0;4994.5;0.0
-2;312.0;4992;25;0.0;0.0;0.0;0.0;4997;4;4999.0;25.0;0.0;0.0;4994.5;0.0
-2;313.0;4992;25;0.0;0.0;0.0;0.0;4993;5;4997.0;1.0;4999.0;26.0;4992.5;0.0
-2;314.0;4997;1;4992.0;23.0;0.0;0.0;4999;23;0.0;0.0;0.0;0.0;4998.0;0.0
-2;315.0;4992;26;0.0;0.0;0.0;0.0;4999;26;0.0;0.0;0.0;0.0;4995.5;0.0
-2;316.0;4992;32;0.0;0.0;0.0;0.0;4999;32;0.0;0.0;0.0;0.0;4995.5;0.0
-2;317.0;4992;24;0.0;0.0;0.0;0.0;4998;24;0.0;0.0;0.0;0.0;4995.0;0.0
-2;318.0;4996;1;4992.0;8.0;4991.0;26.0;4998;26;0.0;0.0;0.0;0.0;4997.0;0.0
-2;319.0;4991;2;4990.0;23.0;0.0;0.0;4997;25;0.0;0.0;0.0;0.0;4994.0;0.0
-2;320.0;4991;1;4990.0;29.0;0.0;0.0;4997;30;0.0;0.0;0.0;0.0;4994.0;0.0
-2;321.0;4991;22;0.0;0.0;0.0;0.0;4992;1;4996.0;8.0;4998.0;22.0;4991.5;0.0
-2;322.0;4991;22;0.0;0.0;0.0;0.0;4996;4;4997.0;1.0;4998.0;22.0;4993.5;0.0
-2;323.0;4991;31;0.0;0.0;0.0;0.0;4997;1;4998.0;30.0;0.0;0.0;4994.0;0.0
-2;324.0;4996;1;4995.0;3.0;4991.0;22.0;4998;22;0.0;0.0;0.0;0.0;4997.0;0.0
-2;325.0;4991;30;0.0;0.0;0.0;0.0;4998;30;0.0;0.0;0.0;0.0;4994.5;0.0
-2;326.0;4991;22;0.0;0.0;0.0;0.0;4996;1;4997.0;2.0;4998.0;20.0;4993.5;0.0
-2;327.0;4990;23;0.0;0.0;0.0;0.0;4997;23;0.0;0.0;0.0;0.0;4993.5;0.0
-2;328.0;4996;1;4991.0;31.0;0.0;0.0;4997;2;4998.0;29.0;0.0;0.0;4996.5;0.0
-2;329.0;4991;2;4990.0;24.0;0.0;0.0;4993;5;4997.0;26.0;0.0;0.0;4992.0;0.0
-2;330.0;4991;2;4990.0;30.0;0.0;0.0;4997;32;0.0;0.0;0.0;0.0;4994.0;0.0
-2;331.0;4992;4;4991.0;26.0;0.0;0.0;4998;26;0.0;0.0;0.0;0.0;4995.0;0.0
-2;332.0;4992;8;4991.0;27.0;0.0;0.0;4998;27;0.0;0.0;0.0;0.0;4995.0;0.0
-2;333.0;4991;4;4990.0;21.0;0.0;0.0;4997;21;0.0;0.0;0.0;0.0;4994.0;0.0
-2;334.0;4990;26;0.0;0.0;0.0;0.0;4991;8;4996.0;2.0;4997.0;24.0;4990.5;0.0
-2;335.0;4990;30;0.0;0.0;0.0;0.0;4997;30;0.0;0.0;0.0;0.0;4993.5;0.0
-2;336.0;4990;28;0.0;0.0;0.0;0.0;4997;28;0.0;0.0;0.0;0.0;4993.5;0.0
-2;337.0;4990;26;0.0;0.0;0.0;0.0;4997;26;0.0;0.0;0.0;0.0;4993.5;0.0
-2;338.0;4990;25;0.0;0.0;0.0;0.0;4996;1;4997.0;24.0;0.0;0.0;4993.0;0.0
-2;339.0;4991;5;4990.0;20.0;0.0;0.0;4997;20;0.0;0.0;0.0;0.0;4994.0;0.0
-2;340.0;4995;1;4990.0;21.0;0.0;0.0;4997;21;0.0;0.0;0.0;0.0;4996.0;0.0
-2;341.0;4995;1;4990.0;26.0;0.0;0.0;4997;26;0.0;0.0;0.0;0.0;4996.0;0.0
-2;342.0;4991;23;0.0;0.0;0.0;0.0;4998;23;0.0;0.0;0.0;0.0;4994.5;0.0
-2;343.0;4991;23;0.0;0.0;0.0;0.0;4997;2;4998.0;21.0;0.0;0.0;4994.0;0.0
-2;344.0;4990;29;0.0;0.0;0.0;0.0;4997;29;0.0;0.0;0.0;0.0;4993.5;0.0
-2;345.0;4990;31;0.0;0.0;0.0;0.0;4996;31;0.0;0.0;0.0;0.0;4993.0;0.0
-2;346.0;4991;3;4990.0;25.0;0.0;0.0;4997;25;0.0;0.0;0.0;0.0;4994.0;0.0
-2;347.0;4990;28;0.0;0.0;0.0;0.0;4997;28;0.0;0.0;0.0;0.0;4993.5;0.0
-2;348.0;4991;5;4990.0;29.0;0.0;0.0;4997;31;0.0;0.0;0.0;0.0;4994.0;0.0
-2;349.0;4991;23;0.0;0.0;0.0;0.0;4996;4;4998.0;23.0;0.0;0.0;4993.5;0.0
-2;350.0;4991;27;0.0;0.0;0.0;0.0;4992;1;4998.0;27.0;0.0;0.0;4991.5;0.0
-2;351.0;4992;21;0.0;0.0;0.0;0.0;4993;4;4999.0;21.0;0.0;0.0;4992.5;0.0
-2;352.0;4992;24;0.0;0.0;0.0;0.0;4998;2;4999.0;22.0;0.0;0.0;4995.0;0.0
-2;353.0;4992;26;0.0;0.0;0.0;0.0;4997;5;4999.0;26.0;0.0;0.0;4994.5;0.0
-2;354.0;4993;6;4992.0;21.0;0.0;0.0;4999;21;0.0;0.0;0.0;0.0;4996.0;0.0
-2;355.0;4993;3;4992.0;22.0;0.0;0.0;4999;22;0.0;0.0;0.0;0.0;4996.0;0.0
-2;356.0;4992;23;0.0;0.0;0.0;0.0;4999;23;0.0;0.0;0.0;0.0;4995.5;0.0
-2;357.0;4993;27;0.0;0.0;0.0;0.0;5000;27;0.0;0.0;0.0;0.0;4996.5;0.0
-2;358.0;4993;25;0.0;0.0;0.0;0.0;4994;1;5000.0;25.0;0.0;0.0;4993.5;0.0
-2;359.0;4994;6;4993.0;27.0;0.0;0.0;5000;27;0.0;0.0;0.0;0.0;4997.0;0.0
-2;360.0;4993;23;0.0;0.0;0.0;0.0;5000;23;0.0;0.0;0.0;0.0;4996.5;0.0
-2;361.0;4993;28;0.0;0.0;0.0;0.0;5000;28;0.0;0.0;0.0;0.0;4996.5;0.0
-2;362.0;4997;4;4993.0;29.0;0.0;0.0;5000;29;0.0;0.0;0.0;0.0;4998.5;0.0
-2;363.0;4993;2;4992.0;28.0;0.0;0.0;4994;3;4999.0;30.0;0.0;0.0;4993.5;0.0
-2;364.0;4992;25;0.0;0.0;0.0;0.0;4999;25;0.0;0.0;0.0;0.0;4995.5;0.0
-2;365.0;4992;31;0.0;0.0;0.0;0.0;4999;31;0.0;0.0;0.0;0.0;4995.5;0.0
-2;366.0;4992;24;0.0;0.0;0.0;0.0;4997;4;4999.0;24.0;0.0;0.0;4994.5;0.0
-2;367.0;4993;29;0.0;0.0;0.0;0.0;5000;29;0.0;0.0;0.0;0.0;4996.5;0.0
-2;368.0;4993;2;4992.0;30.0;0.0;0.0;4999;32;0.0;0.0;0.0;0.0;4996.0;0.0
-2;369.0;4996;2;4993.0;24.0;0.0;0.0;4999;2;5000.0;22.0;0.0;0.0;4997.5;0.0
-2;370.0;4992;23;0.0;0.0;0.0;0.0;4999;23;0.0;0.0;0.0;0.0;4995.5;0.0
-2;371.0;4991;28;0.0;0.0;0.0;0.0;4998;28;0.0;0.0;0.0;0.0;4994.5;0.0
-2;372.0;4991;20;0.0;0.0;0.0;0.0;4998;20;0.0;0.0;0.0;0.0;4994.5;0.0
-2;373.0;4992;7;4991.0;29.0;0.0;0.0;4998;29;0.0;0.0;0.0;0.0;4995.0;0.0
-2;374.0;4991;23;0.0;0.0;0.0;0.0;4992;1;4998.0;23.0;0.0;0.0;4991.5;0.0
-2;375.0;4990;30;0.0;0.0;0.0;0.0;4997;30;0.0;0.0;0.0;0.0;4993.5;0.0
-2;376.0;4991;1;4990.0;22.0;0.0;0.0;4997;23;0.0;0.0;0.0;0.0;4994.0;0.0
-2;377.0;4991;23;0.0;0.0;0.0;0.0;4997;23;0.0;0.0;0.0;0.0;4994.0;0.0
-2;378.0;4991;21;0.0;0.0;0.0;0.0;4998;21;0.0;0.0;0.0;0.0;4994.5;0.0
-2;379.0;4991;22;0.0;0.0;0.0;0.0;4998;22;0.0;0.0;0.0;0.0;4994.5;0.0
-2;380.0;4992;5;4991.0;24.0;0.0;0.0;4998;24;0.0;0.0;0.0;0.0;4995.0;0.0
-2;381.0;4991;25;0.0;0.0;0.0;0.0;4998;25;0.0;0.0;0.0;0.0;4994.5;0.0
-2;382.0;4991;27;0.0;0.0;0.0;0.0;4997;1;4998.0;26.0;0.0;0.0;4994.0;0.0
-2;383.0;4991;22;0.0;0.0;0.0;0.0;4997;2;4998.0;20.0;0.0;0.0;4994.0;0.0
-2;384.0;4991;22;0.0;0.0;0.0;0.0;4998;22;0.0;0.0;0.0;0.0;4994.5;0.0
-2;385.0;4991;2;4990.0;24.0;0.0;0.0;4997;26;0.0;0.0;0.0;0.0;4994.0;0.0
-2;386.0;4990;21;0.0;0.0;0.0;0.0;4997;21;0.0;0.0;0.0;0.0;4993.5;0.0
-2;387.0;4991;2;4990.0;27.0;0.0;0.0;4997;29;0.0;0.0;0.0;0.0;4994.0;0.0
-2;388.0;4994;4;4991.0;32.0;0.0;0.0;4996;8;4998.0;32.0;0.0;0.0;4995.0;0.0
-2;389.0;4994;1;4991.0;24.0;0.0;0.0;4998;24;0.0;0.0;0.0;0.0;4996.0;0.0
-2;390.0;4991;21;0.0;0.0;0.0;0.0;4992;1;4998.0;21.0;0.0;0.0;4991.5;0.0
-2;391.0;4991;30;0.0;0.0;0.0;0.0;4998;30;0.0;0.0;0.0;0.0;4994.5;0.0
-2;392.0;4992;25;0.0;0.0;0.0;0.0;4999;25;0.0;0.0;0.0;0.0;4995.5;0.0
-2;393.0;4992;22;0.0;0.0;0.0;0.0;4999;22;0.0;0.0;0.0;0.0;4995.5;0.0
-2;394.0;4993;1;4992.0;28.0;0.0;0.0;4997;2;4999.0;29.0;0.0;0.0;4995.0;0.0
-2;395.0;4994;4;4993.0;26.0;0.0;0.0;4999;2;5000.0;24.0;0.0;0.0;4996.5;0.0
-2;396.0;4998;1;4992.0;31.0;0.0;0.0;4999;31;0.0;0.0;0.0;0.0;4998.5;0.0
-2;397.0;4992;28;0.0;0.0;0.0;0.0;4999;28;0.0;0.0;0.0;0.0;4995.5;0.0
-2;398.0;4992;23;0.0;0.0;0.0;0.0;4998;2;4999.0;21.0;0.0;0.0;4995.0;0.0
-2;399.0;4991;24;0.0;0.0;0.0;0.0;4993;4;4998.0;24.0;0.0;0.0;4992.0;0.0
-2;400.0;4992;23;0.0;0.0;0.0;0.0;4999;23;0.0;0.0;0.0;0.0;4995.5;0.0
-2;401.0;4992;27;0.0;0.0;0.0;0.0;4999;27;0.0;0.0;0.0;0.0;4995.5;0.0
-2;402.0;4992;1;4991.0;26.0;0.0;0.0;4998;27;0.0;0.0;0.0;0.0;4995.0;0.0
-2;403.0;4997;5;4992.0;29.0;0.0;0.0;4999;29;0.0;0.0;0.0;0.0;4998.0;0.0
-2;404.0;4992;28;0.0;0.0;0.0;0.0;4994;2;4999.0;28.0;0.0;0.0;4993.0;0.0
-2;405.0;4993;7;4992.0;30.0;0.0;0.0;4999;30;0.0;0.0;0.0;0.0;4996.0;0.0
-2;406.0;4992;30;0.0;0.0;0.0;0.0;4999;30;0.0;0.0;0.0;0.0;4995.5;0.0
-2;407.0;4993;2;4992.0;29.0;0.0;0.0;4999;29;0.0;0.0;0.0;0.0;4996.0;0.0
-2;408.0;4996;3;4993.0;5.0;4992.0;24.0;4999;24;0.0;0.0;0.0;0.0;4997.5;0.0
-2;409.0;4991;24;0.0;0.0;0.0;0.0;4998;24;0.0;0.0;0.0;0.0;4994.5;0.0
-2;410.0;4991;23;0.0;0.0;0.0;0.0;4992;3;4998.0;23.0;0.0;0.0;4991.5;0.0
-2;411.0;4996;2;4992.0;4.0;4991.0;24.0;4998;24;0.0;0.0;0.0;0.0;4997.0;0.0
-2;412.0;4995;9;4990.0;26.0;0.0;0.0;4997;26;0.0;0.0;0.0;0.0;4996.0;0.0
-2;413.0;4993;2;4990.0;25.0;0.0;0.0;4997;25;0.0;0.0;0.0;0.0;4995.0;0.0
-2;414.0;4991;2;4990.0;28.0;0.0;0.0;4997;30;0.0;0.0;0.0;0.0;4994.0;0.0
-2;415.0;4991;1;4990.0;30.0;0.0;0.0;4995;6;4997.0;31.0;0.0;0.0;4993.0;0.0
-2;416.0;4991;2;4990.0;21.0;0.0;0.0;4993;6;4995.0;8.0;4997.0;23.0;4992.0;0.0
-2;417.0;4990;23;0.0;0.0;0.0;0.0;4997;23;0.0;0.0;0.0;0.0;4993.5;0.0
-2;418.0;4990;29;0.0;0.0;0.0;0.0;4997;29;0.0;0.0;0.0;0.0;4993.5;0.0
-2;419.0;4990;31;0.0;0.0;0.0;0.0;4995;1;4996.0;2.0;4997.0;29.0;4992.5;0.0
-2;420.0;4990;30;0.0;0.0;0.0;0.0;4993;3;4997.0;30.0;0.0;0.0;4991.5;0.0
-2;421.0;4990;20;0.0;0.0;0.0;0.0;4997;20;0.0;0.0;0.0;0.0;4993.5;0.0
-2;422.0;4991;6;4990.0;21.0;0.0;0.0;4997;21;0.0;0.0;0.0;0.0;4994.0;0.0
-2;423.0;4990;22;0.0;0.0;0.0;0.0;4997;22;0.0;0.0;0.0;0.0;4993.5;0.0
-2;424.0;4990;24;0.0;0.0;0.0;0.0;4995;4;4997.0;24.0;0.0;0.0;4992.5;0.0
-2;425.0;4990;2;4989.0;25.0;0.0;0.0;4996;27;0.0;0.0;0.0;0.0;4993.0;0.0
-2;426.0;4989;24;0.0;0.0;0.0;0.0;4996;24;0.0;0.0;0.0;0.0;4992.5;0.0
-2;427.0;4989;24;0.0;0.0;0.0;0.0;4996;24;0.0;0.0;0.0;0.0;4992.5;0.0
-2;428.0;4993;5;4990.0;5.0;4989.0;24.0;4995;1;4996.0;23.0;0.0;0.0;4994.0;0.0
-2;429.0;4989;27;0.0;0.0;0.0;0.0;4995;2;4996.0;25.0;0.0;0.0;4992.0;0.0
-2;430.0;4989;2;4988.0;26.0;0.0;0.0;4993;7;4995.0;28.0;0.0;0.0;4991.0;0.0
-2;431.0;4990;21;0.0;0.0;0.0;0.0;4996;21;0.0;0.0;0.0;0.0;4993.0;0.0
-2;432.0;4989;21;0.0;0.0;0.0;0.0;4994;3;4996.0;21.0;0.0;0.0;4991.5;0.0
-2;433.0;4990;4;4989.0;28.0;0.0;0.0;4996;29;0.0;0.0;0.0;0.0;4993.0;0.0
-2;434.0;4989;25;0.0;0.0;0.0;0.0;4996;25;0.0;0.0;0.0;0.0;4992.5;0.0
-2;435.0;4989;28;0.0;0.0;0.0;0.0;4996;28;0.0;0.0;0.0;0.0;4992.5;0.0
-2;436.0;4990;23;0.0;0.0;0.0;0.0;4996;2;4997.0;22.0;0.0;0.0;4993.0;0.0
-2;437.0;4990;2;4989.0;20.0;0.0;0.0;4996;22;0.0;0.0;0.0;0.0;4993.0;0.0
-2;438.0;4995;1;4990.0;30.0;0.0;0.0;4997;30;0.0;0.0;0.0;0.0;4996.0;0.0
-2;439.0;4991;3;4990.0;27.0;0.0;0.0;4997;29;0.0;0.0;0.0;0.0;4994.0;0.0
-2;440.0;4990;23;0.0;0.0;0.0;0.0;4997;24;0.0;0.0;0.0;0.0;4993.5;0.0
-2;441.0;4991;1;4990.0;29.0;0.0;0.0;4995;3;4997.0;30.0;0.0;0.0;4993.0;0.0
-2;442.0;4991;6;4990.0;30.0;0.0;0.0;4997;30;0.0;0.0;0.0;0.0;4994.0;0.0
-2;443.0;4991;27;0.0;0.0;0.0;0.0;4998;27;0.0;0.0;0.0;0.0;4994.5;0.0
-2;444.0;4991;28;0.0;0.0;0.0;0.0;4996;1;4998.0;28.0;0.0;0.0;4993.5;0.0
-2;445.0;4991;23;0.0;0.0;0.0;0.0;4996;6;4997.0;2.0;4998.0;21.0;4993.5;0.0
-2;446.0;4990;29;0.0;0.0;0.0;0.0;4995;1;4997.0;29.0;0.0;0.0;4992.5;0.0
-2;447.0;4989;26;0.0;0.0;0.0;0.0;4996;26;0.0;0.0;0.0;0.0;4992.5;0.0
-2;448.0;4995;1;4989.0;28.0;0.0;0.0;4996;28;0.0;0.0;0.0;0.0;4995.5;0.0
-2;449.0;4994;9;4989.0;24.0;0.0;0.0;4996;24;0.0;0.0;0.0;0.0;4995.0;0.0
-2;450.0;4989;1;4988.0;30.0;0.0;0.0;4995;30;0.0;0.0;0.0;0.0;4992.0;0.0
-2;451.0;4988;25;0.0;0.0;0.0;0.0;4989;1;4995.0;25.0;0.0;0.0;4988.5;0.0
-2;452.0;4988;26;0.0;0.0;0.0;0.0;4995;26;0.0;0.0;0.0;0.0;4991.5;0.0
-2;453.0;4988;24;0.0;0.0;0.0;0.0;4995;24;0.0;0.0;0.0;0.0;4991.5;0.0
-2;454.0;4988;30;0.0;0.0;0.0;0.0;4995;30;0.0;0.0;0.0;0.0;4991.5;0.0
-2;455.0;4989;5;4988.0;25.0;0.0;0.0;4994;1;4995.0;24.0;0.0;0.0;4991.5;0.0
-2;456.0;4993;1;4987.0;29.0;0.0;0.0;4994;29;0.0;0.0;0.0;0.0;4993.5;0.0
-2;457.0;4987;27;0.0;0.0;0.0;0.0;4994;27;0.0;0.0;0.0;0.0;4990.5;0.0
-2;458.0;4986;22;0.0;0.0;0.0;0.0;4993;22;0.0;0.0;0.0;0.0;4989.5;0.0
-2;459.0;4987;5;4986.0;21.0;0.0;0.0;4992;1;4993.0;20.0;0.0;0.0;4989.5;0.0
-2;460.0;4986;28;0.0;0.0;0.0;0.0;4991;3;4993.0;28.0;0.0;0.0;4988.5;0.0
-2;461.0;4986;26;0.0;0.0;0.0;0.0;4991;1;4993.0;26.0;0.0;0.0;4988.5;0.0
-2;462.0;4986;24;0.0;0.0;0.0;0.0;4992;1;4993.0;23.0;0.0;0.0;4989.0;0.0
-2;463.0;4989;3;4986.0;20.0;0.0;0.0;4991;4;4993.0;20.0;0.0;0.0;4990.0;0.0
-2;464.0;4987;3;4986.0;23.0;0.0;0.0;4993;23;0.0;0.0;0.0;0.0;4990.0;0.0
-2;465.0;4986;26;0.0;0.0;0.0;0.0;4993;26;0.0;0.0;0.0;0.0;4989.5;0.0
-2;466.0;4986;26;0.0;0.0;0.0;0.0;4993;26;0.0;0.0;0.0;0.0;4989.5;0.0
-2;467.0;4986;22;0.0;0.0;0.0;0.0;4993;22;0.0;0.0;0.0;0.0;4989.5;0.0
-2;468.0;4987;2;4986.0;27.0;0.0;0.0;4993;27;0.0;0.0;0.0;0.0;4990.0;0.0
-2;469.0;4986;30;0.0;0.0;0.0;0.0;4989;5;4993.0;31.0;0.0;0.0;4987.5;0.0
-2;470.0;4987;3;4986.0;31.0;0.0;0.0;4993;31;0.0;0.0;0.0;0.0;4990.0;0.0
-2;471.0;4987;8;4986.0;29.0;0.0;0.0;4993;29;0.0;0.0;0.0;0.0;4990.0;0.0
-2;472.0;4986;28;0.0;0.0;0.0;0.0;4993;28;0.0;0.0;0.0;0.0;4989.5;0.0
-2;473.0;4992;1;4989.0;5.0;4987.0;1.0;4993;26;0.0;0.0;0.0;0.0;4992.5;0.0
-2;474.0;4988;2;4987.0;29.0;0.0;0.0;4994;31;0.0;0.0;0.0;0.0;4991.0;0.0
-2;475.0;4987;29;0.0;0.0;0.0;0.0;4988;1;4994.0;29.0;0.0;0.0;4987.5;0.0
-2;476.0;4993;1;4988.0;27.0;0.0;0.0;4994;1;4995.0;26.0;0.0;0.0;4993.5;0.0
-2;477.0;4992;8;4988.0;1.0;4987.0;26.0;4994;27;0.0;0.0;0.0;0.0;4993.0;0.0
-2;478.0;4988;1;4987.0;22.0;0.0;0.0;4992;2;4994.0;24.0;0.0;0.0;4990.0;0.0
-2;479.0;4988;25;0.0;0.0;0.0;0.0;4995;25;0.0;0.0;0.0;0.0;4991.5;0.0
-2;480.0;4988;2;4987.0;24.0;0.0;0.0;4994;26;0.0;0.0;0.0;0.0;4991.0;0.0
-2;481.0;4987;28;0.0;0.0;0.0;0.0;4994;28;0.0;0.0;0.0;0.0;4990.5;0.0
-2;482.0;4992;10;4988.0;24.0;0.0;0.0;4994;24;0.0;0.0;0.0;0.0;4993.0;0.0
-2;483.0;4988;25;0.0;0.0;0.0;0.0;4993;6;4994.0;1.0;4995.0;24.0;4990.5;0.0
-2;484.0;4988;26;0.0;0.0;0.0;0.0;4995;26;0.0;0.0;0.0;0.0;4991.5;0.0
-2;485.0;4988;30;0.0;0.0;0.0;0.0;4995;30;0.0;0.0;0.0;0.0;4991.5;0.0
-2;486.0;4989;25;0.0;0.0;0.0;0.0;4996;25;0.0;0.0;0.0;0.0;4992.5;0.0
-2;487.0;4989;23;0.0;0.0;0.0;0.0;4994;2;4995.0;2.0;4996.0;22.0;4991.5;0.0
-2;488.0;4988;21;0.0;0.0;0.0;0.0;4989;1;4993.0;2.0;4995.0;21.0;4988.5;0.0
-2;489.0;4988;25;0.0;0.0;0.0;0.0;4995;25;0.0;0.0;0.0;0.0;4991.5;0.0
-2;490.0;4988;27;0.0;0.0;0.0;0.0;4994;1;4995.0;27.0;0.0;0.0;4991.0;0.0
-2;491.0;4988;21;0.0;0.0;0.0;0.0;4994;1;4995.0;20.0;0.0;0.0;4991.0;0.0
-2;492.0;4989;2;4988.0;28.0;0.0;0.0;4995;28;0.0;0.0;0.0;0.0;4992.0;0.0
-2;493.0;4988;29;0.0;0.0;0.0;0.0;4995;29;0.0;0.0;0.0;0.0;4991.5;0.0
-2;494.0;4988;4;4987.0;22.0;0.0;0.0;4994;22;0.0;0.0;0.0;0.0;4991.0;0.0
-2;495.0;4987;21;0.0;0.0;0.0;0.0;4988;1;4994.0;21.0;0.0;0.0;4987.5;0.0
-2;496.0;4993;1;4987.0;30.0;0.0;0.0;4994;30;0.0;0.0;0.0;0.0;4993.5;0.0
-2;497.0;4987;30;0.0;0.0;0.0;0.0;4992;5;4994.0;30.0;0.0;0.0;4989.5;0.0
-2;498.0;4988;6;4987.0;27.0;0.0;0.0;4994;27;0.0;0.0;0.0;0.0;4991.0;0.0
-2;499.0;4987;26;0.0;0.0;0.0;0.0;4994;26;0.0;0.0;0.0;0.0;4990.5;0.0
-2;500.0;4986;21;0.0;0.0;0.0;0.0;4991;1;4993.0;22.0;0.0;0.0;4988.5;0.0
-2;501.0;4986;6;4985.0;27.0;0.0;0.0;4992;28;0.0;0.0;0.0;0.0;4989.0;0.0
-2;502.0;4986;30;0.0;0.0;0.0;0.0;4993;30;0.0;0.0;0.0;0.0;4989.5;0.0
-2;503.0;4986;2;4985.0;29.0;0.0;0.0;4992;31;0.0;0.0;0.0;0.0;4989.0;0.0
-2;504.0;4988;1;4985.0;21.0;0.0;0.0;4992;21;0.0;0.0;0.0;0.0;4990.0;0.0
-2;505.0;4986;5;4985.0;23.0;0.0;0.0;4992;23;0.0;0.0;0.0;0.0;4989.0;0.0
-2;506.0;4986;2;4985.0;26.0;0.0;0.0;4992;28;0.0;0.0;0.0;0.0;4989.0;0.0
-2;507.0;4985;22;0.0;0.0;0.0;0.0;4992;22;0.0;0.0;0.0;0.0;4988.5;0.0
-2;508.0;4986;1;4985.0;26.0;0.0;0.0;4992;27;0.0;0.0;0.0;0.0;4989.0;0.0
-2;509.0;4986;30;0.0;0.0;0.0;0.0;4993;30;0.0;0.0;0.0;0.0;4989.5;0.0
-2;510.0;4986;26;0.0;0.0;0.0;0.0;4987;3;4992.0;2.0;4993.0;24.0;4986.5;0.0
-2;511.0;4987;7;4986.0;27.0;0.0;0.0;4993;27;0.0;0.0;0.0;0.0;4990.0;0.0
-2;512.0;4986;31;0.0;0.0;0.0;0.0;4991;6;4992.0;1.0;4993.0;30.0;4988.5;0.0
-2;513.0;4986;2;4985.0;27.0;0.0;0.0;4992;29;0.0;0.0;0.0;0.0;4989.0;0.0
-2;514.0;4990;1;4985.0;26.0;0.0;0.0;4992;26;0.0;0.0;0.0;0.0;4991.0;0.0
-2;515.0;4986;2;4985.0;20.0;0.0;0.0;4990;8;4992.0;22.0;0.0;0.0;4988.0;0.0
-2;516.0;4985;31;0.0;0.0;0.0;0.0;4992;31;0.0;0.0;0.0;0.0;4988.5;0.0
-2;517.0;4985;32;0.0;0.0;0.0;0.0;4990;3;4992.0;32.0;0.0;0.0;4987.5;0.0
-2;518.0;4985;2;4984.0;20.0;0.0;0.0;4991;21;0.0;0.0;0.0;0.0;4988.0;0.0
-2;519.0;4985;22;0.0;0.0;0.0;0.0;4990;8;4992.0;22.0;0.0;0.0;4987.5;0.0
-2;520.0;4986;1;4985.0;23.0;0.0;0.0;4992;24;0.0;0.0;0.0;0.0;4989.0;0.0
-2;521.0;4986;1;4985.0;22.0;0.0;0.0;4992;23;0.0;0.0;0.0;0.0;4989.0;0.0
-2;522.0;4990;2;4985.0;24.0;0.0;0.0;4992;24;0.0;0.0;0.0;0.0;4991.0;0.0
-2;523.0;4985;25;0.0;0.0;0.0;0.0;4991;2;4992.0;24.0;0.0;0.0;4988.0;0.0
-2;524.0;4988;3;4985.0;29.0;0.0;0.0;4991;1;4992.0;28.0;0.0;0.0;4989.5;0.0
-2;525.0;4986;3;4985.0;21.0;0.0;0.0;4991;1;4992.0;20.0;0.0;0.0;4988.5;0.0
-2;526.0;4984;31;0.0;0.0;0.0;0.0;4991;31;0.0;0.0;0.0;0.0;4987.5;0.0
-2;527.0;4985;25;0.0;0.0;0.0;0.0;4990;7;4991.0;1.0;4992.0;24.0;4987.5;0.0
-2;528.0;4985;21;0.0;0.0;0.0;0.0;4992;21;0.0;0.0;0.0;0.0;4988.5;0.0
-2;529.0;4985;22;0.0;0.0;0.0;0.0;4992;22;0.0;0.0;0.0;0.0;4988.5;0.0
-2;530.0;4984;25;0.0;0.0;0.0;0.0;4989;3;4991.0;25.0;0.0;0.0;4986.5;0.0
-2;531.0;4984;22;0.0;0.0;0.0;0.0;4991;22;0.0;0.0;0.0;0.0;4987.5;0.0
-2;532.0;4984;23;0.0;0.0;0.0;0.0;4991;23;0.0;0.0;0.0;0.0;4987.5;0.0
-2;533.0;4984;28;0.0;0.0;0.0;0.0;4991;28;0.0;0.0;0.0;0.0;4987.5;0.0
-2;534.0;4984;25;0.0;0.0;0.0;0.0;4989;6;4990.0;2.0;4991.0;23.0;4986.5;0.0
-2;535.0;4984;28;0.0;0.0;0.0;0.0;4989;6;4991.0;28.0;0.0;0.0;4986.5;0.0
-2;536.0;4990;1;4985.0;8.0;4984.0;21.0;4991;21;0.0;0.0;0.0;0.0;4990.5;0.0
-2;537.0;4985;27;0.0;0.0;0.0;0.0;4991;2;4992.0;25.0;0.0;0.0;4988.0;0.0
-2;538.0;4985;23;0.0;0.0;0.0;0.0;4992;23;0.0;0.0;0.0;0.0;4988.5;0.0
-2;539.0;4985;25;0.0;0.0;0.0;0.0;4988;6;4990.0;3.0;4992.0;25.0;4986.5;0.0
-2;540.0;4986;1;4985.0;30.0;0.0;0.0;4992;31;0.0;0.0;0.0;0.0;4989.0;0.0
-2;541.0;4986;31;0.0;0.0;0.0;0.0;4991;3;4992.0;1.0;4993.0;30.0;4988.5;0.0
-2;542.0;4986;27;0.0;0.0;0.0;0.0;4993;27;0.0;0.0;0.0;0.0;4989.5;0.0
-2;543.0;4986;30;0.0;0.0;0.0;0.0;4993;30;0.0;0.0;0.0;0.0;4989.5;0.0
-2;544.0;4986;24;0.0;0.0;0.0;0.0;4992;2;4993.0;22.0;0.0;0.0;4989.0;0.0
-2;545.0;4986;30;0.0;0.0;0.0;0.0;4991;4;4992.0;1.0;4993.0;29.0;4988.5;0.0
-2;546.0;4986;2;4985.0;22.0;0.0;0.0;4992;24;0.0;0.0;0.0;0.0;4989.0;0.0
-2;547.0;4985;25;0.0;0.0;0.0;0.0;4986;1;4992.0;25.0;0.0;0.0;4985.5;0.0
-2;548.0;4990;1;4984.0;25.0;0.0;0.0;4991;25;0.0;0.0;0.0;0.0;4990.5;0.0
-2;549.0;4985;2;4984.0;29.0;0.0;0.0;4991;31;0.0;0.0;0.0;0.0;4988.0;0.0
-2;550.0;4985;6;4984.0;25.0;0.0;0.0;4991;25;0.0;0.0;0.0;0.0;4988.0;0.0
-2;551.0;4984;24;0.0;0.0;0.0;0.0;4985;2;4987.0;3.0;4990.0;1.0;4984.5;0.0
-2;552.0;4985;7;4984.0;21.0;0.0;0.0;4991;21;0.0;0.0;0.0;0.0;4988.0;0.0
-2;553.0;4984;21;0.0;0.0;0.0;0.0;4990;1;4991.0;20.0;0.0;0.0;4987.0;0.0
-2;554.0;4984;29;0.0;0.0;0.0;0.0;4991;29;0.0;0.0;0.0;0.0;4987.5;0.0
-2;555.0;4986;8;4985.0;28.0;0.0;0.0;4991;1;4992.0;27.0;0.0;0.0;4988.5;0.0
-2;556.0;4984;31;0.0;0.0;0.0;0.0;4991;31;0.0;0.0;0.0;0.0;4987.5;0.0
-2;557.0;4984;29;0.0;0.0;0.0;0.0;4985;1;4991.0;29.0;0.0;0.0;4984.5;0.0
-2;558.0;4984;21;0.0;0.0;0.0;0.0;4991;21;0.0;0.0;0.0;0.0;4987.5;0.0
-2;559.0;4984;22;0.0;0.0;0.0;0.0;4991;22;0.0;0.0;0.0;0.0;4987.5;0.0
-2;560.0;4984;27;0.0;0.0;0.0;0.0;4990;1;4991.0;26.0;0.0;0.0;4987.0;0.0
-2;561.0;4983;29;0.0;0.0;0.0;0.0;4990;29;0.0;0.0;0.0;0.0;4986.5;0.0
-2;562.0;4983;23;0.0;0.0;0.0;0.0;4990;23;0.0;0.0;0.0;0.0;4986.5;0.0
-2;563.0;4983;23;0.0;0.0;0.0;0.0;4988;7;4990.0;23.0;0.0;0.0;4985.5;0.0
-2;564.0;4983;1;4982.0;29.0;0.0;0.0;4989;31;0.0;0.0;0.0;0.0;4986.0;0.0
-2;565.0;4983;2;4982.0;25.0;0.0;0.0;4989;25;0.0;0.0;0.0;0.0;4986.0;0.0
-2;566.0;4983;1;4982.0;22.0;0.0;0.0;4989;22;0.0;0.0;0.0;0.0;4986.0;0.0
-2;567.0;4983;2;4982.0;26.0;0.0;0.0;4987;3;4989.0;28.0;0.0;0.0;4985.0;0.0
-2;568.0;4983;2;4982.0;20.0;0.0;0.0;4989;22;0.0;0.0;0.0;0.0;4986.0;0.0
-2;569.0;4982;25;0.0;0.0;0.0;0.0;4987;2;4989.0;25.0;0.0;0.0;4984.5;0.0
-2;570.0;4983;1;4982.0;20.0;0.0;0.0;4989;21;0.0;0.0;0.0;0.0;4986.0;0.0
-2;571.0;4983;32;0.0;0.0;0.0;0.0;4989;2;4990.0;30.0;0.0;0.0;4986.0;0.0
-2;572.0;4983;24;0.0;0.0;0.0;0.0;4985;3;4990.0;24.0;0.0;0.0;4984.0;0.0
-2;573.0;4984;24;0.0;0.0;0.0;0.0;4985;4;4990.0;24.0;0.0;0.0;4984.5;0.0
-2;574.0;4983;21;0.0;0.0;0.0;0.0;4988;6;4990.0;21.0;0.0;0.0;4985.5;0.0
-2;575.0;4990;1;4984.0;25.0;0.0;0.0;4991;25;0.0;0.0;0.0;0.0;4990.5;0.0
-2;576.0;4985;25;0.0;0.0;0.0;0.0;4991;2;4992.0;23.0;0.0;0.0;4988.0;0.0
-2;577.0;4985;2;4984.0;30.0;0.0;0.0;4989;3;4991.0;32.0;0.0;0.0;4987.0;0.0
-2;578.0;4985;26;0.0;0.0;0.0;0.0;4991;26;0.0;0.0;0.0;0.0;4988.0;0.0
-2;579.0;4984;28;0.0;0.0;0.0;0.0;4991;29;0.0;0.0;0.0;0.0;4987.5;0.0
-2;580.0;4984;30;0.0;0.0;0.0;0.0;4990;2;4991.0;28.0;0.0;0.0;4987.0;0.0
-2;581.0;4989;1;4986.0;3.0;4984.0;1.0;4990;23;0.0;0.0;0.0;0.0;4989.5;0.0
-2;582.0;4983;28;0.0;0.0;0.0;0.0;4988;6;4990.0;28.0;0.0;0.0;4985.5;0.0
-2;583.0;4983;26;0.0;0.0;0.0;0.0;4988;8;4990.0;26.0;0.0;0.0;4985.5;0.0
-2;584.0;4983;22;0.0;0.0;0.0;0.0;4990;22;0.0;0.0;0.0;0.0;4986.5;0.0
-2;585.0;4983;29;0.0;0.0;0.0;0.0;4990;29;0.0;0.0;0.0;0.0;4986.5;0.0
-2;586.0;4984;1;4983.0;23.0;0.0;0.0;4990;23;0.0;0.0;0.0;0.0;4987.0;0.0
-2;587.0;4983;29;0.0;0.0;0.0;0.0;4990;29;0.0;0.0;0.0;0.0;4986.5;0.0
-2;588.0;4983;30;0.0;0.0;0.0;0.0;4990;30;0.0;0.0;0.0;0.0;4986.5;0.0
-2;589.0;4982;21;0.0;0.0;0.0;0.0;4989;22;0.0;0.0;0.0;0.0;4985.5;0.0
-2;590.0;4984;4;4983.0;26.0;0.0;0.0;4990;26;0.0;0.0;0.0;0.0;4987.0;0.0
-2;591.0;4984;22;0.0;0.0;0.0;0.0;4991;22;0.0;0.0;0.0;0.0;4987.5;0.0
-2;592.0;4984;2;4983.0;26.0;0.0;0.0;4988;6;4990.0;28.0;0.0;0.0;4986.0;0.0
-2;593.0;4984;24;0.0;0.0;0.0;0.0;4991;24;0.0;0.0;0.0;0.0;4987.5;0.0
-2;594.0;4983;24;0.0;0.0;0.0;0.0;4990;24;0.0;0.0;0.0;0.0;4986.5;0.0
-2;595.0;4983;4;4982.0;27.0;0.0;0.0;4989;29;0.0;0.0;0.0;0.0;4986.0;0.0
-2;596.0;4982;26;0.0;0.0;0.0;0.0;4989;26;0.0;0.0;0.0;0.0;4985.5;0.0
-2;597.0;4983;28;0.0;0.0;0.0;0.0;4990;28;0.0;0.0;0.0;0.0;4986.5;0.0
-2;598.0;4983;1;4982.0;20.0;0.0;0.0;4989;21;0.0;0.0;0.0;0.0;4986.0;0.0
-2;599.0;4983;8;4982.0;24.0;0.0;0.0;4985;5;4989.0;24.0;0.0;0.0;4984.0;0.0
-2;600.0;4983;22;0.0;0.0;0.0;0.0;4989;1;4990.0;22.0;0.0;0.0;4986.0;0.0
-2;601.0;4987;1;4982.0;26.0;0.0;0.0;4989;26;0.0;0.0;0.0;0.0;4988.0;0.0
-2;602.0;4987;10;4982.0;24.0;0.0;0.0;4989;24;0.0;0.0;0.0;0.0;4988.0;0.0
-2;603.0;4983;1;4982.0;23.0;0.0;0.0;4987;3;4989.0;24.0;0.0;0.0;4985.0;0.0
-2;604.0;4983;2;4982.0;26.0;0.0;0.0;4989;28;0.0;0.0;0.0;0.0;4986.0;0.0
-2;605.0;4983;2;4982.0;20.0;0.0;0.0;4989;22;0.0;0.0;0.0;0.0;4986.0;0.0
-2;606.0;4984;1;4983.0;29.0;0.0;0.0;4985;3;4988.0;2.0;4990.0;30.0;4984.5;0.0
-2;607.0;4983;27;0.0;0.0;0.0;0.0;4984;1;4988.0;2.0;4990.0;27.0;4983.5;0.0
-2;608.0;4984;8;4983.0;27.0;0.0;0.0;4990;27;0.0;0.0;0.0;0.0;4987.0;0.0
-2;609.0;4983;21;0.0;0.0;0.0;0.0;4990;21;0.0;0.0;0.0;0.0;4986.5;0.0
-2;610.0;4983;22;0.0;0.0;0.0;0.0;4989;22;0.0;0.0;0.0;0.0;4986.0;0.0
-2;611.0;4982;22;0.0;0.0;0.0;0.0;4989;22;0.0;0.0;0.0;0.0;4985.5;0.0
-2;612.0;4987;5;4983.0;29.0;0.0;0.0;4990;29;0.0;0.0;0.0;0.0;4988.5;0.0
-2;613.0;4983;30;0.0;0.0;0.0;0.0;4989;1;4990.0;29.0;0.0;0.0;4986.0;0.0
-2;614.0;4982;27;0.0;0.0;0.0;0.0;4987;7;4989.0;27.0;0.0;0.0;4984.5;0.0
-2;615.0;4982;29;0.0;0.0;0.0;0.0;4987;5;4989.0;29.0;0.0;0.0;4984.5;0.0
-2;616.0;4982;21;0.0;0.0;0.0;0.0;4989;21;0.0;0.0;0.0;0.0;4985.5;0.0
-2;617.0;4982;27;0.0;0.0;0.0;0.0;4989;27;0.0;0.0;0.0;0.0;4985.5;0.0
-2;618.0;4981;30;0.0;0.0;0.0;0.0;4988;30;0.0;0.0;0.0;0.0;4984.5;0.0
-2;619.0;4986;5;4982.0;1.0;4981.0;25.0;4988;26;0.0;0.0;0.0;0.0;4987.0;0.0
-2;620.0;4982;22;0.0;0.0;0.0;0.0;4988;2;4989.0;20.0;0.0;0.0;4985.0;0.0
-2;621.0;4982;21;0.0;0.0;0.0;0.0;4988;1;4989.0;20.0;0.0;0.0;4985.0;0.0
-2;622.0;4982;22;0.0;0.0;0.0;0.0;4989;22;0.0;0.0;0.0;0.0;4985.5;0.0
-2;623.0;4981;29;0.0;0.0;0.0;0.0;4988;29;0.0;0.0;0.0;0.0;4984.5;0.0
-2;624.0;4982;25;0.0;0.0;0.0;0.0;4987;8;4989.0;25.0;0.0;0.0;4984.5;0.0
-2;625.0;4982;26;0.0;0.0;0.0;0.0;4989;26;0.0;0.0;0.0;0.0;4985.5;0.0
-2;626.0;4983;28;0.0;0.0;0.0;0.0;4989;2;4990.0;26.0;0.0;0.0;4986.0;0.0
-2;627.0;4984;28;0.0;0.0;0.0;0.0;4991;29;0.0;0.0;0.0;0.0;4987.5;0.0
-2;628.0;4984;25;0.0;0.0;0.0;0.0;4990;2;4991.0;23.0;0.0;0.0;4987.0;0.0
-2;629.0;4983;23;0.0;0.0;0.0;0.0;4990;23;0.0;0.0;0.0;0.0;4986.5;0.0
-2;630.0;4984;29;0.0;0.0;0.0;0.0;4989;6;4990.0;1.0;4991.0;28.0;4986.5;0.0
-2;631.0;4983;22;0.0;0.0;0.0;0.0;4984;9;4986.0;6.0;4988.0;3.0;4983.5;0.0
-2;632.0;4983;24;0.0;0.0;0.0;0.0;4990;24;0.0;0.0;0.0;0.0;4986.5;0.0
-2;633.0;4984;6;4983.0;28.0;0.0;0.0;4990;28;0.0;0.0;0.0;0.0;4987.0;0.0
-2;634.0;4984;23;0.0;0.0;0.0;0.0;4991;23;0.0;0.0;0.0;0.0;4987.5;0.0
-2;635.0;4984;1;4983.0;21.0;0.0;0.0;4990;22;0.0;0.0;0.0;0.0;4987.0;0.0
-2;636.0;4983;22;0.0;0.0;0.0;0.0;4990;22;0.0;0.0;0.0;0.0;4986.5;0.0
-2;637.0;4983;22;0.0;0.0;0.0;0.0;4989;2;4990.0;20.0;0.0;0.0;4986.0;0.0
-2;638.0;4982;31;0.0;0.0;0.0;0.0;4989;31;0.0;0.0;0.0;0.0;4985.5;0.0
-2;639.0;4983;1;4982.0;20.0;0.0;0.0;4989;21;0.0;0.0;0.0;0.0;4986.0;0.0
-2;640.0;4982;27;0.0;0.0;0.0;0.0;4989;27;0.0;0.0;0.0;0.0;4985.5;0.0
-2;641.0;4982;29;0.0;0.0;0.0;0.0;4988;1;4989.0;28.0;0.0;0.0;4985.0;0.0
-2;642.0;4982;32;0.0;0.0;0.0;0.0;4987;6;4989.0;32.0;0.0;0.0;4984.5;0.0
-2;643.0;4982;22;0.0;0.0;0.0;0.0;4989;22;0.0;0.0;0.0;0.0;4985.5;0.0
-2;644.0;4982;29;0.0;0.0;0.0;0.0;4989;29;0.0;0.0;0.0;0.0;4985.5;0.0
-2;645.0;4982;24;0.0;0.0;0.0;0.0;4989;24;0.0;0.0;0.0;0.0;4985.5;0.0
-2;646.0;4983;1;4982.0;26.0;0.0;0.0;4989;26;0.0;0.0;0.0;0.0;4986.0;0.0
-2;647.0;4982;25;0.0;0.0;0.0;0.0;4989;25;0.0;0.0;0.0;0.0;4985.5;0.0
-2;648.0;4983;6;4982.0;29.0;0.0;0.0;4989;29;0.0;0.0;0.0;0.0;4986.0;0.0
-2;649.0;4983;2;4982.0;25.0;0.0;0.0;4989;27;0.0;0.0;0.0;0.0;4986.0;0.0
-2;650.0;4982;29;0.0;0.0;0.0;0.0;4987;7;4989.0;29.0;0.0;0.0;4984.5;0.0
-2;651.0;4983;22;0.0;0.0;0.0;0.0;4988;2;4989.0;1.0;4990.0;21.0;4985.5;0.0
-2;652.0;4983;26;0.0;0.0;0.0;0.0;4990;26;0.0;0.0;0.0;0.0;4986.5;0.0
-2;653.0;4983;31;0.0;0.0;0.0;0.0;4989;2;4990.0;29.0;0.0;0.0;4986.0;0.0
-2;654.0;4986;5;4984.0;1.0;4983.0;23.0;4990;23;0.0;0.0;0.0;0.0;4988.0;0.0
-2;655.0;4983;20;0.0;0.0;0.0;0.0;4990;20;0.0;0.0;0.0;0.0;4986.5;0.0
-2;656.0;4983;1;4982.0;21.0;0.0;0.0;4989;22;0.0;0.0;0.0;0.0;4986.0;0.0
-2;657.0;4983;3;4982.0;30.0;0.0;0.0;4989;30;0.0;0.0;0.0;0.0;4986.0;0.0
-2;658.0;4982;26;0.0;0.0;0.0;0.0;4987;4;4989.0;26.0;0.0;0.0;4984.5;0.0
-2;659.0;4983;2;4982.0;30.0;0.0;0.0;4989;30;0.0;0.0;0.0;0.0;4986.0;0.0
-2;660.0;4982;25;0.0;0.0;0.0;0.0;4989;25;0.0;0.0;0.0;0.0;4985.5;0.0
-2;661.0;4983;1;4982.0;27.0;0.0;0.0;4989;28;0.0;0.0;0.0;0.0;4986.0;0.0
-2;662.0;4982;25;0.0;0.0;0.0;0.0;4989;25;0.0;0.0;0.0;0.0;4985.5;0.0
-2;663.0;4982;24;0.0;0.0;0.0;0.0;4983;8;4989.0;24.0;0.0;0.0;4982.5;0.0
-2;664.0;4984;2;4983.0;27.0;0.0;0.0;4989;1;4990.0;26.0;0.0;0.0;4986.5;0.0
-2;665.0;4983;25;0.0;0.0;0.0;0.0;4990;25;0.0;0.0;0.0;0.0;4986.5;0.0
-2;666.0;4982;24;0.0;0.0;0.0;0.0;4989;24;0.0;0.0;0.0;0.0;4985.5;0.0
-2;667.0;4983;6;4982.0;31.0;0.0;0.0;4989;31;0.0;0.0;0.0;0.0;4986.0;0.0
-2;668.0;4983;21;0.0;0.0;0.0;0.0;4990;21;0.0;0.0;0.0;0.0;4986.5;0.0
-2;669.0;4984;1;4983.0;28.0;0.0;0.0;4990;29;0.0;0.0;0.0;0.0;4987.0;0.0
-2;670.0;4984;30;0.0;0.0;0.0;0.0;4987;4;4989.0;1.0;4990.0;1.0;4985.5;0.0
-2;671.0;4985;6;4984.0;22.0;0.0;0.0;4991;22;0.0;0.0;0.0;0.0;4988.0;0.0
-2;672.0;4984;8;4983.0;29.0;0.0;0.0;4990;29;0.0;0.0;0.0;0.0;4987.0;0.0
-2;673.0;4989;1;4984.0;1.0;4983.0;23.0;4990;24;0.0;0.0;0.0;0.0;4989.5;0.0
-2;674.0;4984;26;0.0;0.0;0.0;0.0;4991;26;0.0;0.0;0.0;0.0;4987.5;0.0
-2;675.0;4983;27;0.0;0.0;0.0;0.0;4990;27;0.0;0.0;0.0;0.0;4986.5;0.0
-2;676.0;4984;8;4983.0;29.0;0.0;0.0;4989;2;4990.0;27.0;0.0;0.0;4986.5;0.0
-2;677.0;4983;32;0.0;0.0;0.0;0.0;4990;32;0.0;0.0;0.0;0.0;4986.5;0.0
-2;678.0;4988;4;4983.0;29.0;0.0;0.0;4990;29;0.0;0.0;0.0;0.0;4989.0;0.0
-2;679.0;4983;23;0.0;0.0;0.0;0.0;4988;3;4990.0;23.0;0.0;0.0;4985.5;0.0
-2;680.0;4984;4;4983.0;30.0;0.0;0.0;4990;32;0.0;0.0;0.0;0.0;4987.0;0.0
-2;681.0;4984;24;0.0;0.0;0.0;0.0;4989;2;4991.0;25.0;0.0;0.0;4986.5;0.0
-2;682.0;4984;29;0.0;0.0;0.0;0.0;4990;1;4991.0;28.0;0.0;0.0;4987.0;0.0
-2;683.0;4989;1;4983.0;20.0;0.0;0.0;4990;20;0.0;0.0;0.0;0.0;4989.5;0.0
-2;684.0;4983;21;0.0;0.0;0.0;0.0;4984;1;4990.0;21.0;0.0;0.0;4983.5;0.0
-2;685.0;4983;27;0.0;0.0;0.0;0.0;4990;27;0.0;0.0;0.0;0.0;4986.5;0.0
-2;686.0;4984;25;0.0;0.0;0.0;0.0;4990;2;4991.0;23.0;0.0;0.0;4987.0;0.0
-2;687.0;4984;27;0.0;0.0;0.0;0.0;4985;4;4990.0;2.0;4991.0;25.0;4984.5;0.0
-2;688.0;4984;6;4983.0;25.0;0.0;0.0;4990;25;0.0;0.0;0.0;0.0;4987.0;0.0
-2;689.0;4985;2;4984.0;26.0;0.0;0.0;4989;6;4991.0;28.0;0.0;0.0;4987.0;0.0
-2;690.0;4990;1;4984.0;25.0;0.0;0.0;4991;25;0.0;0.0;0.0;0.0;4990.5;0.0
-2;691.0;4984;23;0.0;0.0;0.0;0.0;4991;23;0.0;0.0;0.0;0.0;4987.5;0.0
-2;692.0;4985;25;0.0;0.0;0.0;0.0;4991;25;0.0;0.0;0.0;0.0;4988.0;0.0
-2;693.0;4985;26;0.0;0.0;0.0;0.0;4990;6;4992.0;26.0;0.0;0.0;4987.5;0.0
-2;694.0;4990;8;4986.0;2.0;4985.0;28.0;4992;28;0.0;0.0;0.0;0.0;4991.0;0.0
-2;695.0;4991;1;4985.0;22.0;0.0;0.0;4992;22;0.0;0.0;0.0;0.0;4991.5;0.0
-2;696.0;4985;20;0.0;0.0;0.0;0.0;4992;20;0.0;0.0;0.0;0.0;4988.5;0.0
-2;697.0;4986;1;4985.0;22.0;0.0;0.0;4991;1;4992.0;21.0;0.0;0.0;4988.5;0.0
-2;698.0;4984;21;0.0;0.0;0.0;0.0;4991;21;0.0;0.0;0.0;0.0;4987.5;0.0
-2;699.0;4990;1;4985.0;1.0;4984.0;26.0;4991;27;0.0;0.0;0.0;0.0;4990.5;0.0
-2;700.0;4984;29;0.0;0.0;0.0;0.0;4991;29;0.0;0.0;0.0;0.0;4987.5;0.0
-2;701.0;4985;2;4984.0;26.0;0.0;0.0;4991;28;0.0;0.0;0.0;0.0;4988.0;0.0
-2;702.0;4984;24;0.0;0.0;0.0;0.0;4991;24;0.0;0.0;0.0;0.0;4987.5;0.0
-2;703.0;4989;3;4985.0;31.0;0.0;0.0;4991;2;4992.0;29.0;0.0;0.0;4990.0;0.0
-2;704.0;4985;29;0.0;0.0;0.0;0.0;4992;29;0.0;0.0;0.0;0.0;4988.5;0.0
-2;705.0;4984;24;0.0;0.0;0.0;0.0;4985;7;4991.0;26.0;0.0;0.0;4984.5;0.0
-2;706.0;4985;6;4984.0;23.0;0.0;0.0;4991;25;0.0;0.0;0.0;0.0;4988.0;0.0
-2;707.0;4984;30;0.0;0.0;0.0;0.0;4991;30;0.0;0.0;0.0;0.0;4987.5;0.0
-2;708.0;4983;22;0.0;0.0;0.0;0.0;4990;22;0.0;0.0;0.0;0.0;4986.5;0.0
-2;709.0;4983;28;0.0;0.0;0.0;0.0;4990;28;0.0;0.0;0.0;0.0;4986.5;0.0
-2;710.0;4983;26;0.0;0.0;0.0;0.0;4990;26;0.0;0.0;0.0;0.0;4986.5;0.0
-2;711.0;4983;31;0.0;0.0;0.0;0.0;4990;31;0.0;0.0;0.0;0.0;4986.5;0.0
-2;712.0;4983;25;0.0;0.0;0.0;0.0;4990;25;0.0;0.0;0.0;0.0;4986.5;0.0
-2;713.0;4986;5;4983.0;28.0;0.0;0.0;4990;28;0.0;0.0;0.0;0.0;4988.0;0.0
-2;714.0;4984;3;4983.0;29.0;0.0;0.0;4990;29;0.0;0.0;0.0;0.0;4987.0;0.0
-2;715.0;4984;28;0.0;0.0;0.0;0.0;4991;29;0.0;0.0;0.0;0.0;4987.5;0.0
-2;716.0;4985;2;4984.0;30.0;0.0;0.0;4991;30;0.0;0.0;0.0;0.0;4988.0;0.0
-2;717.0;4984;20;0.0;0.0;0.0;0.0;4991;20;0.0;0.0;0.0;0.0;4987.5;0.0
-2;718.0;4984;20;0.0;0.0;0.0;0.0;4991;20;0.0;0.0;0.0;0.0;4987.5;0.0
-2;719.0;4989;1;4984.0;25.0;0.0;0.0;4990;2;4991.0;23.0;0.0;0.0;4989.5;0.0
-2;720.0;4984;30;0.0;0.0;0.0;0.0;4985;2;4990.0;2.0;4991.0;28.0;4984.5;0.0
-2;721.0;4983;26;0.0;0.0;0.0;0.0;4990;26;0.0;0.0;0.0;0.0;4986.5;0.0
-2;722.0;4988;9;4984.0;1.0;4983.0;23.0;4990;24;0.0;0.0;0.0;0.0;4989.0;0.0
-2;723.0;4984;24;0.0;0.0;0.0;0.0;4991;24;0.0;0.0;0.0;0.0;4987.5;0.0
-2;724.0;4984;30;0.0;0.0;0.0;0.0;4991;30;0.0;0.0;0.0;0.0;4987.5;0.0
-2;725.0;4985;2;4984.0;21.0;0.0;0.0;4991;23;0.0;0.0;0.0;0.0;4988.0;0.0
-2;726.0;4986;2;4985.0;22.0;0.0;0.0;4990;7;4992.0;24.0;0.0;0.0;4988.0;0.0
-2;727.0;4985;22;0.0;0.0;0.0;0.0;4990;4;4991.0;1.0;4992.0;21.0;4987.5;0.0
-2;728.0;4985;23;0.0;0.0;0.0;0.0;4992;23;0.0;0.0;0.0;0.0;4988.5;0.0
-2;729.0;4985;1;4984.0;25.0;0.0;0.0;4991;26;0.0;0.0;0.0;0.0;4988.0;0.0
-2;730.0;4984;25;0.0;0.0;0.0;0.0;4989;3;4991.0;25.0;0.0;0.0;4986.5;0.0
-2;731.0;4984;24;0.0;0.0;0.0;0.0;4991;24;0.0;0.0;0.0;0.0;4987.5;0.0
-2;732.0;4984;26;0.0;0.0;0.0;0.0;4991;26;0.0;0.0;0.0;0.0;4987.5;0.0
-2;733.0;4984;30;0.0;0.0;0.0;0.0;4990;2;4991.0;28.0;0.0;0.0;4987.0;0.0
-2;734.0;4984;6;4983.0;30.0;0.0;0.0;4990;32;0.0;0.0;0.0;0.0;4987.0;0.0
-2;735.0;4983;31;0.0;0.0;0.0;0.0;4990;31;0.0;0.0;0.0;0.0;4986.5;0.0
-2;736.0;4983;20;0.0;0.0;0.0;0.0;4990;20;0.0;0.0;0.0;0.0;4986.5;0.0
-2;737.0;4982;26;0.0;0.0;0.0;0.0;4989;26;0.0;0.0;0.0;0.0;4985.5;0.0
-2;738.0;4982;30;0.0;0.0;0.0;0.0;4989;30;0.0;0.0;0.0;0.0;4985.5;0.0
-2;739.0;4985;3;4983.0;1.0;4982.0;30.0;4989;30;0.0;0.0;0.0;0.0;4987.0;0.0
-2;740.0;4982;26;0.0;0.0;0.0;0.0;4987;8;4989.0;27.0;0.0;0.0;4984.5;0.0
-2;741.0;4982;29;0.0;0.0;0.0;0.0;4989;29;0.0;0.0;0.0;0.0;4985.5;0.0
-2;742.0;4982;31;0.0;0.0;0.0;0.0;4989;31;0.0;0.0;0.0;0.0;4985.5;0.0
-2;743.0;4986;1;4982.0;3.0;4981.0;28.0;4988;28;0.0;0.0;0.0;0.0;4987.0;0.0
-2;744.0;4981;25;0.0;0.0;0.0;0.0;4988;25;0.0;0.0;0.0;0.0;4984.5;0.0
-2;745.0;4984;6;4981.0;21.0;0.0;0.0;4987;1;4988.0;20.0;0.0;0.0;4985.5;0.0
-2;746.0;4981;23;0.0;0.0;0.0;0.0;4986;1;4987.0;1.0;4988.0;22.0;4983.5;0.0
-2;747.0;4981;31;0.0;0.0;0.0;0.0;4987;1;4988.0;30.0;0.0;0.0;4984.0;0.0
-2;748.0;4981;26;0.0;0.0;0.0;0.0;4988;26;0.0;0.0;0.0;0.0;4984.5;0.0
-2;749.0;4983;4;4982.0;26.0;0.0;0.0;4988;1;4989.0;25.0;0.0;0.0;4985.5;0.0
-2;750.0;4982;24;0.0;0.0;0.0;0.0;4989;24;0.0;0.0;0.0;0.0;4985.5;0.0
-2;751.0;4981;30;0.0;0.0;0.0;0.0;4988;30;0.0;0.0;0.0;0.0;4984.5;0.0
-2;752.0;4982;5;4981.0;25.0;0.0;0.0;4988;25;0.0;0.0;0.0;0.0;4985.0;0.0
-2;753.0;4982;22;0.0;0.0;0.0;0.0;4988;2;4989.0;20.0;0.0;0.0;4985.0;0.0
-2;754.0;4983;6;4982.0;27.0;0.0;0.0;4989;27;0.0;0.0;0.0;0.0;4986.0;0.0
-2;755.0;4984;2;4983.0;30.0;0.0;0.0;4990;30;0.0;0.0;0.0;0.0;4987.0;0.0
-2;756.0;4982;29;0.0;0.0;0.0;0.0;4989;30;0.0;0.0;0.0;0.0;4985.5;0.0
-2;757.0;4988;1;4986.0;6.0;4984.0;1.0;4989;2;4990.0;20.0;0.0;0.0;4988.5;0.0
-2;758.0;4983;22;0.0;0.0;0.0;0.0;4989;1;4990.0;21.0;0.0;0.0;4986.0;0.0
-2;759.0;4983;1;4982.0;21.0;0.0;0.0;4989;22;0.0;0.0;0.0;0.0;4986.0;0.0
-2;760.0;4983;2;4982.0;30.0;0.0;0.0;4987;4;4989.0;32.0;0.0;0.0;4985.0;0.0
-2;761.0;4984;6;4983.0;22.0;0.0;0.0;4989;1;4990.0;21.0;0.0;0.0;4986.5;0.0
-2;762.0;4983;28;0.0;0.0;0.0;0.0;4989;2;4990.0;26.0;0.0;0.0;4986.0;0.0
-2;763.0;4983;26;0.0;0.0;0.0;0.0;4988;1;4990.0;26.0;0.0;0.0;4985.5;0.0
-2;764.0;4984;27;0.0;0.0;0.0;0.0;4989;2;4991.0;27.0;0.0;0.0;4986.5;0.0
-2;765.0;4984;27;0.0;0.0;0.0;0.0;4987;3;4990.0;2.0;4991.0;26.0;4985.5;0.0
-2;766.0;4983;31;0.0;0.0;0.0;0.0;4990;31;0.0;0.0;0.0;0.0;4986.5;0.0
-2;767.0;4982;31;0.0;0.0;0.0;0.0;4987;8;4989.0;31.0;0.0;0.0;4984.5;0.0
-2;768.0;4982;22;0.0;0.0;0.0;0.0;4987;8;4989.0;22.0;0.0;0.0;4984.5;0.0
-2;769.0;4982;26;0.0;0.0;0.0;0.0;4989;26;0.0;0.0;0.0;0.0;4985.5;0.0
-2;770.0;4983;31;0.0;0.0;0.0;0.0;4990;31;0.0;0.0;0.0;0.0;4986.5;0.0
-2;771.0;4983;25;0.0;0.0;0.0;0.0;4990;25;0.0;0.0;0.0;0.0;4986.5;0.0
-2;772.0;4984;8;4983.0;27.0;0.0;0.0;4990;27;0.0;0.0;0.0;0.0;4987.0;0.0
-2;773.0;4984;2;4983.0;26.0;0.0;0.0;4988;2;4990.0;28.0;0.0;0.0;4986.0;0.0
-2;774.0;4984;30;0.0;0.0;0.0;0.0;4989;6;4991.0;30.0;0.0;0.0;4986.5;0.0
-2;775.0;4984;28;0.0;0.0;0.0;0.0;4987;6;4990.0;1.0;4991.0;27.0;4985.5;0.0
-2;776.0;4984;20;0.0;0.0;0.0;0.0;4991;20;0.0;0.0;0.0;0.0;4987.5;0.0
-2;777.0;4986;2;4984.0;1.0;4983.0;25.0;4990;26;0.0;0.0;0.0;0.0;4988.0;0.0
-2;778.0;4983;26;0.0;0.0;0.0;0.0;4990;26;0.0;0.0;0.0;0.0;4986.5;0.0
-2;779.0;4984;26;0.0;0.0;0.0;0.0;4985;4;4990.0;2.0;4991.0;24.0;4984.5;0.0
-2;780.0;4983;30;0.0;0.0;0.0;0.0;4990;30;0.0;0.0;0.0;0.0;4986.5;0.0
-2;781.0;4984;1;4983.0;27.0;0.0;0.0;4990;28;0.0;0.0;0.0;0.0;4987.0;0.0
-2;782.0;4989;1;4984.0;32.0;0.0;0.0;4990;2;4991.0;30.0;0.0;0.0;4989.5;0.0
-2;783.0;4984;20;0.0;0.0;0.0;0.0;4991;20;0.0;0.0;0.0;0.0;4987.5;0.0
-2;784.0;4985;6;4984.0;22.0;0.0;0.0;4991;22;0.0;0.0;0.0;0.0;4988.0;0.0
-2;785.0;4985;2;4984.0;26.0;0.0;0.0;4991;28;0.0;0.0;0.0;0.0;4988.0;0.0
-2;786.0;4984;32;0.0;0.0;0.0;0.0;4990;2;4991.0;30.0;0.0;0.0;4987.0;0.0
-2;787.0;4983;30;0.0;0.0;0.0;0.0;4984;1;4990.0;30.0;0.0;0.0;4983.5;0.0
-2;788.0;4983;29;0.0;0.0;0.0;0.0;4990;29;0.0;0.0;0.0;0.0;4986.5;0.0
-2;789.0;4983;23;0.0;0.0;0.0;0.0;4990;24;0.0;0.0;0.0;0.0;4986.5;0.0
-2;790.0;4984;2;4983.0;30.0;0.0;0.0;4990;30;0.0;0.0;0.0;0.0;4987.0;0.0
-2;791.0;4984;8;4983.0;22.0;0.0;0.0;4989;1;4990.0;21.0;0.0;0.0;4986.5;0.0
-2;792.0;4985;5;4982.0;27.0;0.0;0.0;4989;27;0.0;0.0;0.0;0.0;4987.0;0.0
-2;793.0;4983;30;0.0;0.0;0.0;0.0;4988;8;4990.0;30.0;0.0;0.0;4985.5;0.0
-2;794.0;4982;29;0.0;0.0;0.0;0.0;4989;29;0.0;0.0;0.0;0.0;4985.5;0.0
-2;795.0;4982;20;0.0;0.0;0.0;0.0;4989;20;0.0;0.0;0.0;0.0;4985.5;0.0
-2;796.0;4982;28;0.0;0.0;0.0;0.0;4989;28;0.0;0.0;0.0;0.0;4985.5;0.0
-2;797.0;4982;1;4981.0;26.0;0.0;0.0;4988;27;0.0;0.0;0.0;0.0;4985.0;0.0
-2;798.0;4982;2;4981.0;30.0;0.0;0.0;4988;32;0.0;0.0;0.0;0.0;4985.0;0.0
-2;799.0;4982;2;4981.0;20.0;0.0;0.0;4983;4;4988.0;22.0;0.0;0.0;4982.5;0.0
-2;800.0;4982;1;4981.0;23.0;0.0;0.0;4987;2;4988.0;21.0;0.0;0.0;4984.5;0.0
-2;801.0;4980;30;0.0;0.0;0.0;0.0;4987;30;0.0;0.0;0.0;0.0;4983.5;0.0
-2;802.0;4986;1;4980.0;31.0;0.0;0.0;4987;31;0.0;0.0;0.0;0.0;4986.5;0.0
-2;803.0;4980;27;0.0;0.0;0.0;0.0;4987;27;0.0;0.0;0.0;0.0;4983.5;0.0
-2;804.0;4981;5;4980.0;29.0;0.0;0.0;4987;30;0.0;0.0;0.0;0.0;4984.0;0.0
-2;805.0;4981;23;0.0;0.0;0.0;0.0;4984;4;4988.0;23.0;0.0;0.0;4982.5;0.0
-2;806.0;4981;22;0.0;0.0;0.0;0.0;4986;3;4988.0;23.0;0.0;0.0;4983.5;0.0
-2;807.0;4981;27;0.0;0.0;0.0;0.0;4988;27;0.0;0.0;0.0;0.0;4984.5;0.0
-2;808.0;4982;2;4981.0;29.0;0.0;0.0;4987;2;4988.0;27.0;0.0;0.0;4984.5;0.0
-2;809.0;4982;6;4981.0;25.0;0.0;0.0;4988;25;0.0;0.0;0.0;0.0;4985.0;0.0
-2;810.0;4981;30;0.0;0.0;0.0;0.0;4982;1;4986.0;1.0;4988.0;30.0;4981.5;0.0
-2;811.0;4981;2;4980.0;30.0;0.0;0.0;4987;32;0.0;0.0;0.0;0.0;4984.0;0.0
-2;812.0;4981;29;0.0;0.0;0.0;0.0;4987;1;4988.0;28.0;0.0;0.0;4984.0;0.0
-2;813.0;4981;1;4980.0;26.0;0.0;0.0;4987;27;0.0;0.0;0.0;0.0;4984.0;0.0
-2;814.0;4986;1;4981.0;2.0;4980.0;20.0;4987;22;0.0;0.0;0.0;0.0;4986.5;0.0
-2;815.0;4981;23;0.0;0.0;0.0;0.0;4987;23;0.0;0.0;0.0;0.0;4984.0;0.0
-2;816.0;4981;28;0.0;0.0;0.0;0.0;4988;28;0.0;0.0;0.0;0.0;4984.5;0.0
-2;817.0;4981;20;0.0;0.0;0.0;0.0;4986;5;4988.0;20.0;0.0;0.0;4983.5;0.0
-2;818.0;4982;3;4981.0;27.0;0.0;0.0;4988;27;0.0;0.0;0.0;0.0;4985.0;0.0
-2;819.0;4981;28;0.0;0.0;0.0;0.0;4986;8;4988.0;29.0;0.0;0.0;4983.5;0.0
-2;820.0;4982;7;4981.0;27.0;0.0;0.0;4984;4;4988.0;27.0;0.0;0.0;4983.0;0.0
-2;821.0;4981;32;0.0;0.0;0.0;0.0;4986;4;4988.0;32.0;0.0;0.0;4983.5;0.0
-2;822.0;4981;21;0.0;0.0;0.0;0.0;4988;22;0.0;0.0;0.0;0.0;4984.5;0.0
-2;823.0;4987;1;4982.0;2.0;4981.0;28.0;4988;30;0.0;0.0;0.0;0.0;4987.5;0.0
-2;824.0;4982;1;4981.0;26.0;0.0;0.0;4988;27;0.0;0.0;0.0;0.0;4985.0;0.0
-2;825.0;4982;2;4981.0;24.0;0.0;0.0;4983;4;4988.0;26.0;0.0;0.0;4982.5;0.0
-2;826.0;4981;26;0.0;0.0;0.0;0.0;4988;26;0.0;0.0;0.0;0.0;4984.5;0.0
-2;827.0;4981;22;0.0;0.0;0.0;0.0;4986;8;4988.0;23.0;0.0;0.0;4983.5;0.0
-2;828.0;4980;31;0.0;0.0;0.0;0.0;4987;31;0.0;0.0;0.0;0.0;4983.5;0.0
-2;829.0;4981;1;4980.0;21.0;0.0;0.0;4987;22;0.0;0.0;0.0;0.0;4984.0;0.0
-2;830.0;4980;23;0.0;0.0;0.0;0.0;4987;23;0.0;0.0;0.0;0.0;4983.5;0.0
-2;831.0;4981;4;4980.0;30.0;0.0;0.0;4987;31;0.0;0.0;0.0;0.0;4984.0;0.0
-2;832.0;4983;7;4982.0;21.0;0.0;0.0;4988;1;4989.0;20.0;0.0;0.0;4985.5;0.0
-2;833.0;4982;28;0.0;0.0;0.0;0.0;4988;28;0.0;0.0;0.0;0.0;4985.0;0.0
-2;834.0;4982;22;0.0;0.0;0.0;0.0;4989;22;0.0;0.0;0.0;0.0;4985.5;0.0
-2;835.0;4987;3;4982.0;30.0;0.0;0.0;4989;30;0.0;0.0;0.0;0.0;4988.0;0.0
-2;836.0;4982;29;0.0;0.0;0.0;0.0;4989;29;0.0;0.0;0.0;0.0;4985.5;0.0
-2;837.0;4982;25;0.0;0.0;0.0;0.0;4988;2;4989.0;23.0;0.0;0.0;4985.0;0.0
-2;838.0;4982;27;0.0;0.0;0.0;0.0;4989;27;0.0;0.0;0.0;0.0;4985.5;0.0
-2;839.0;4983;2;4982.0;30.0;0.0;0.0;4989;32;0.0;0.0;0.0;0.0;4986.0;0.0
-2;840.0;4988;1;4984.0;5.0;4983.0;27.0;4989;1;4990.0;26.0;0.0;0.0;4988.5;0.0
-2;841.0;4982;25;0.0;0.0;0.0;0.0;4987;5;4989.0;25.0;0.0;0.0;4984.5;0.0
-2;842.0;4983;3;4982.0;26.0;0.0;0.0;4989;26;0.0;0.0;0.0;0.0;4986.0;0.0
-2;843.0;4987;1;4982.0;5.0;4981.0;25.0;4988;27;0.0;0.0;0.0;0.0;4987.5;0.0
-2;844.0;4982;25;0.0;0.0;0.0;0.0;4989;25;0.0;0.0;0.0;0.0;4985.5;0.0
-2;845.0;4982;30;0.0;0.0;0.0;0.0;4989;30;0.0;0.0;0.0;0.0;4985.5;0.0
-2;846.0;4982;29;0.0;0.0;0.0;0.0;4989;29;0.0;0.0;0.0;0.0;4985.5;0.0
-2;847.0;4983;28;0.0;0.0;0.0;0.0;4989;2;4990.0;26.0;0.0;0.0;4986.0;0.0
-2;848.0;4988;1;4983.0;28.0;0.0;0.0;4989;2;4990.0;26.0;0.0;0.0;4988.5;0.0
-2;849.0;4983;24;0.0;0.0;0.0;0.0;4989;1;4990.0;23.0;0.0;0.0;4986.0;0.0
-2;850.0;4983;28;0.0;0.0;0.0;0.0;4988;1;4989.0;2.0;4990.0;26.0;4985.5;0.0
-2;851.0;4982;30;0.0;0.0;0.0;0.0;4989;30;0.0;0.0;0.0;0.0;4985.5;0.0
-2;852.0;4982;26;0.0;0.0;0.0;0.0;4987;8;4989.0;26.0;0.0;0.0;4984.5;0.0
-2;853.0;4982;27;0.0;0.0;0.0;0.0;4987;1;4989.0;27.0;0.0;0.0;4984.5;0.0
-2;854.0;4983;28;0.0;0.0;0.0;0.0;4989;2;4990.0;26.0;0.0;0.0;4986.0;0.0
-2;855.0;4983;3;4982.0;29.0;0.0;0.0;4989;29;0.0;0.0;0.0;0.0;4986.0;0.0
-2;856.0;4982;28;0.0;0.0;0.0;0.0;4989;28;0.0;0.0;0.0;0.0;4985.5;0.0
-2;857.0;4982;29;0.0;0.0;0.0;0.0;4989;29;0.0;0.0;0.0;0.0;4985.5;0.0
-2;858.0;4982;28;0.0;0.0;0.0;0.0;4989;28;0.0;0.0;0.0;0.0;4985.5;0.0
-2;859.0;4983;29;0.0;0.0;0.0;0.0;4990;29;0.0;0.0;0.0;0.0;4986.5;0.0
-2;860.0;4983;1;4982.0;29.0;0.0;0.0;4989;30;0.0;0.0;0.0;0.0;4986.0;0.0
-2;861.0;4983;22;0.0;0.0;0.0;0.0;4989;1;4990.0;22.0;0.0;0.0;4986.0;0.0
-2;862.0;4982;20;0.0;0.0;0.0;0.0;4989;20;0.0;0.0;0.0;0.0;4985.5;0.0
-2;863.0;4982;28;0.0;0.0;0.0;0.0;4989;28;0.0;0.0;0.0;0.0;4985.5;0.0
-2;864.0;4982;29;0.0;0.0;0.0;0.0;4983;1;4989.0;29.0;0.0;0.0;4982.5;0.0
-2;865.0;4983;7;4982.0;30.0;0.0;0.0;4989;31;0.0;0.0;0.0;0.0;4986.0;0.0
-2;866.0;4984;1;4983.0;23.0;0.0;0.0;4990;23;0.0;0.0;0.0;0.0;4987.0;0.0
-2;867.0;4983;22;0.0;0.0;0.0;0.0;4988;5;4990.0;22.0;0.0;0.0;4985.5;0.0
-2;868.0;4982;21;0.0;0.0;0.0;0.0;4989;21;0.0;0.0;0.0;0.0;4985.5;0.0
-2;869.0;4983;23;0.0;0.0;0.0;0.0;4990;23;0.0;0.0;0.0;0.0;4986.5;0.0
-2;870.0;4983;23;0.0;0.0;0.0;0.0;4988;4;4990.0;23.0;0.0;0.0;4985.5;0.0
-2;871.0;4983;22;0.0;0.0;0.0;0.0;4988;6;4989.0;22.0;0.0;0.0;4985.5;0.0
-2;872.0;4982;23;0.0;0.0;0.0;0.0;4987;8;4989.0;23.0;0.0;0.0;4984.5;0.0
-2;873.0;4982;20;0.0;0.0;0.0;0.0;4989;20;0.0;0.0;0.0;0.0;4985.5;0.0
-2;874.0;4982;30;0.0;0.0;0.0;0.0;4989;30;0.0;0.0;0.0;0.0;4985.5;0.0
-2;875.0;4982;28;0.0;0.0;0.0;0.0;4989;28;0.0;0.0;0.0;0.0;4985.5;0.0
-2;876.0;4983;7;4982.0;24.0;0.0;0.0;4988;2;4989.0;22.0;0.0;0.0;4985.5;0.0
-2;877.0;4982;30;0.0;0.0;0.0;0.0;4988;2;4989.0;28.0;0.0;0.0;4985.0;0.0
-2;878.0;4982;20;0.0;0.0;0.0;0.0;4989;20;0.0;0.0;0.0;0.0;4985.5;0.0
-2;879.0;4983;20;0.0;0.0;0.0;0.0;4990;20;0.0;0.0;0.0;0.0;4986.5;0.0
-2;880.0;4987;10;4983.0;5.0;4982.0;25.0;4989;25;0.0;0.0;0.0;0.0;4988.0;0.0
-2;881.0;4983;27;0.0;0.0;0.0;0.0;4990;27;0.0;0.0;0.0;0.0;4986.5;0.0
-2;882.0;4984;28;0.0;0.0;0.0;0.0;4991;28;0.0;0.0;0.0;0.0;4987.5;0.0
-2;883.0;4985;8;4984.0;26.0;0.0;0.0;4991;26;0.0;0.0;0.0;0.0;4988.0;0.0
-2;884.0;4989;5;4985.0;26.0;0.0;0.0;4991;2;4992.0;24.0;0.0;0.0;4990.0;0.0
-2;885.0;4990;1;4985.0;28.0;0.0;0.0;4992;28;0.0;0.0;0.0;0.0;4991.0;0.0
-2;886.0;4985;22;0.0;0.0;0.0;0.0;4992;22;0.0;0.0;0.0;0.0;4988.5;0.0
-2;887.0;4985;25;0.0;0.0;0.0;0.0;4986;4;4992.0;25.0;0.0;0.0;4985.5;0.0
-2;888.0;4985;28;0.0;0.0;0.0;0.0;4990;1;4992.0;28.0;0.0;0.0;4987.5;0.0
-2;889.0;4985;2;4984.0;29.0;0.0;0.0;4986;5;4987.0;4.0;4991.0;31.0;4985.5;0.0
-2;890.0;4989;1;4984.0;27.0;0.0;0.0;4991;27;0.0;0.0;0.0;0.0;4990.0;0.0
-2;891.0;4984;24;0.0;0.0;0.0;0.0;4990;1;4991.0;23.0;0.0;0.0;4987.0;0.0
-2;892.0;4984;2;4983.0;27.0;0.0;0.0;4985;2;4990.0;29.0;0.0;0.0;4984.5;0.0
-2;893.0;4984;30;0.0;0.0;0.0;0.0;4990;2;4991.0;28.0;0.0;0.0;4987.0;0.0
-2;894.0;4984;25;0.0;0.0;0.0;0.0;4991;25;0.0;0.0;0.0;0.0;4987.5;0.0
-2;895.0;4989;1;4984.0;23.0;0.0;0.0;4991;23;0.0;0.0;0.0;0.0;4990.0;0.0
-2;896.0;4984;27;0.0;0.0;0.0;0.0;4991;27;0.0;0.0;0.0;0.0;4987.5;0.0
-2;897.0;4984;26;0.0;0.0;0.0;0.0;4991;26;0.0;0.0;0.0;0.0;4987.5;0.0
-2;898.0;4984;30;0.0;0.0;0.0;0.0;4989;8;4990.0;2.0;4991.0;28.0;4986.5;0.0
-2;899.0;4984;28;0.0;0.0;0.0;0.0;4990;1;4991.0;27.0;0.0;0.0;4987.0;0.0
-2;900.0;4984;26;0.0;0.0;0.0;0.0;4991;26;0.0;0.0;0.0;0.0;4987.5;0.0
-2;901.0;4985;4;4984.0;24.0;0.0;0.0;4991;24;0.0;0.0;0.0;0.0;4988.0;0.0
-2;902.0;4983;28;0.0;0.0;0.0;0.0;4990;28;0.0;0.0;0.0;0.0;4986.5;0.0
-2;903.0;4982;21;0.0;0.0;0.0;0.0;4989;21;0.0;0.0;0.0;0.0;4985.5;0.0
-2;904.0;4982;23;0.0;0.0;0.0;0.0;4987;6;4989.0;23.0;0.0;0.0;4984.5;0.0
-2;905.0;4982;25;0.0;0.0;0.0;0.0;4984;5;4989.0;25.0;0.0;0.0;4983.0;0.0
-2;906.0;4984;6;4983.0;24.0;0.0;0.0;4990;24;0.0;0.0;0.0;0.0;4987.0;0.0
-2;907.0;4989;1;4984.0;1.0;4983.0;25.0;4990;25;0.0;0.0;0.0;0.0;4989.5;0.0
-2;908.0;4984;28;0.0;0.0;0.0;0.0;4991;28;0.0;0.0;0.0;0.0;4987.5;0.0
-2;909.0;4984;26;0.0;0.0;0.0;0.0;4987;3;4991.0;26.0;0.0;0.0;4985.5;0.0
-2;910.0;4985;26;0.0;0.0;0.0;0.0;4990;4;4992.0;26.0;0.0;0.0;4987.5;0.0
-2;911.0;4984;30;0.0;0.0;0.0;0.0;4991;31;0.0;0.0;0.0;0.0;4987.5;0.0
-2;912.0;4985;23;0.0;0.0;0.0;0.0;4990;4;4991.0;2.0;4992.0;21.0;4987.5;0.0
-2;913.0;4985;26;0.0;0.0;0.0;0.0;4992;26;0.0;0.0;0.0;0.0;4988.5;0.0
-2;914.0;4986;27;0.0;0.0;0.0;0.0;4993;27;0.0;0.0;0.0;0.0;4989.5;0.0
-2;915.0;4986;22;0.0;0.0;0.0;0.0;4993;22;0.0;0.0;0.0;0.0;4989.5;0.0
-2;916.0;4990;4;4986.0;26.0;0.0;0.0;4991;5;4993.0;26.0;0.0;0.0;4990.5;0.0
-2;917.0;4987;1;4986.0;29.0;0.0;0.0;4991;5;4993.0;30.0;0.0;0.0;4989.0;0.0
-2;918.0;4987;4;4986.0;23.0;0.0;0.0;4993;23;0.0;0.0;0.0;0.0;4990.0;0.0
-2;919.0;4986;24;0.0;0.0;0.0;0.0;4993;24;0.0;0.0;0.0;0.0;4989.5;0.0
-2;920.0;4987;7;4986.0;22.0;0.0;0.0;4993;22;0.0;0.0;0.0;0.0;4990.0;0.0
-2;921.0;4985;28;0.0;0.0;0.0;0.0;4992;28;0.0;0.0;0.0;0.0;4988.5;0.0
-2;922.0;4986;22;0.0;0.0;0.0;0.0;4993;22;0.0;0.0;0.0;0.0;4989.5;0.0
-2;923.0;4987;2;4986.0;28.0;0.0;0.0;4991;4;4993.0;30.0;0.0;0.0;4989.0;0.0
-2;924.0;4987;1;4986.0;29.0;0.0;0.0;4993;29;0.0;0.0;0.0;0.0;4990.0;0.0
-2;925.0;4986;27;0.0;0.0;0.0;0.0;4991;6;4993.0;27.0;0.0;0.0;4988.5;0.0
-2;926.0;4986;27;0.0;0.0;0.0;0.0;4993;28;0.0;0.0;0.0;0.0;4989.5;0.0
-2;927.0;4986;23;0.0;0.0;0.0;0.0;4987;1;4991.0;4.0;4993.0;23.0;4986.5;0.0
-2;928.0;4986;20;0.0;0.0;0.0;0.0;4993;20;0.0;0.0;0.0;0.0;4989.5;0.0
-2;929.0;4986;22;0.0;0.0;0.0;0.0;4993;22;0.0;0.0;0.0;0.0;4989.5;0.0
-2;930.0;4985;21;0.0;0.0;0.0;0.0;4992;21;0.0;0.0;0.0;0.0;4988.5;0.0
-2;931.0;4985;22;0.0;0.0;0.0;0.0;4990;3;4992.0;22.0;0.0;0.0;4987.5;0.0
-2;932.0;4990;2;4986.0;1.0;4985.0;20.0;4992;21;0.0;0.0;0.0;0.0;4991.0;0.0
-2;933.0;4985;30;0.0;0.0;0.0;0.0;4990;3;4992.0;30.0;0.0;0.0;4987.5;0.0
-2;934.0;4986;2;4985.0;25.0;0.0;0.0;4992;25;0.0;0.0;0.0;0.0;4989.0;0.0
-2;935.0;4985;26;0.0;0.0;0.0;0.0;4992;26;0.0;0.0;0.0;0.0;4988.5;0.0
-2;936.0;4986;28;0.0;0.0;0.0;0.0;4993;28;0.0;0.0;0.0;0.0;4989.5;0.0
-2;937.0;4986;30;0.0;0.0;0.0;0.0;4991;1;4993.0;30.0;0.0;0.0;4988.5;0.0
-2;938.0;4985;29;0.0;0.0;0.0;0.0;4992;29;0.0;0.0;0.0;0.0;4988.5;0.0
-2;939.0;4985;28;0.0;0.0;0.0;0.0;4990;8;4992.0;28.0;0.0;0.0;4987.5;0.0
-2;940.0;4985;28;0.0;0.0;0.0;0.0;4992;28;0.0;0.0;0.0;0.0;4988.5;0.0
-2;941.0;4985;30;0.0;0.0;0.0;0.0;4992;30;0.0;0.0;0.0;0.0;4988.5;0.0
-2;942.0;4991;1;4986.0;28.0;0.0;0.0;4993;28;0.0;0.0;0.0;0.0;4992.0;0.0
-2;943.0;4986;25;0.0;0.0;0.0;0.0;4993;25;0.0;0.0;0.0;0.0;4989.5;0.0
-2;944.0;4985;21;0.0;0.0;0.0;0.0;4992;22;0.0;0.0;0.0;0.0;4988.5;0.0
-2;945.0;4985;24;0.0;0.0;0.0;0.0;4986;1;4992.0;24.0;0.0;0.0;4985.5;0.0
-2;946.0;4985;23;0.0;0.0;0.0;0.0;4986;1;4992.0;23.0;0.0;0.0;4985.5;0.0
-2;947.0;4990;4;4985.0;30.0;0.0;0.0;4992;30;0.0;0.0;0.0;0.0;4991.0;0.0
-2;948.0;4986;22;0.0;0.0;0.0;0.0;4993;22;0.0;0.0;0.0;0.0;4989.5;0.0
-2;949.0;4986;1;4985.0;25.0;0.0;0.0;4992;26;0.0;0.0;0.0;0.0;4989.0;0.0
-2;950.0;4987;5;4986.0;30.0;0.0;0.0;4993;30;0.0;0.0;0.0;0.0;4990.0;0.0
-2;951.0;4985;23;0.0;0.0;0.0;0.0;4992;23;0.0;0.0;0.0;0.0;4988.5;0.0
-2;952.0;4985;25;0.0;0.0;0.0;0.0;4990;5;4992.0;25.0;0.0;0.0;4987.5;0.0
-2;953.0;4985;23;0.0;0.0;0.0;0.0;4992;23;0.0;0.0;0.0;0.0;4988.5;0.0
-2;954.0;4987;7;4986.0;31.0;0.0;0.0;4993;31;0.0;0.0;0.0;0.0;4990.0;0.0
-2;955.0;4986;25;0.0;0.0;0.0;0.0;4993;25;0.0;0.0;0.0;0.0;4989.5;0.0
-2;956.0;4985;21;0.0;0.0;0.0;0.0;4992;21;0.0;0.0;0.0;0.0;4988.5;0.0
-2;957.0;4991;1;4989.0;5.0;4986.0;22.0;4992;1;4993.0;21.0;0.0;0.0;4991.5;0.0
-2;958.0;4986;2;4985.0;30.0;0.0;0.0;4992;32;0.0;0.0;0.0;0.0;4989.0;0.0
-2;959.0;4986;25;0.0;0.0;0.0;0.0;4993;26;0.0;0.0;0.0;0.0;4989.5;0.0
-2;960.0;4986;25;0.0;0.0;0.0;0.0;4991;3;4992.0;1.0;4993.0;24.0;4988.5;0.0
-2;961.0;4985;21;0.0;0.0;0.0;0.0;4992;21;0.0;0.0;0.0;0.0;4988.5;0.0
-2;962.0;4986;30;0.0;0.0;0.0;0.0;4993;30;0.0;0.0;0.0;0.0;4989.5;0.0
-2;963.0;4986;28;0.0;0.0;0.0;0.0;4993;29;0.0;0.0;0.0;0.0;4989.5;0.0
-2;964.0;4986;24;0.0;0.0;0.0;0.0;4993;24;0.0;0.0;0.0;0.0;4989.5;0.0
-2;965.0;4986;27;0.0;0.0;0.0;0.0;4992;1;4993.0;26.0;0.0;0.0;4989.0;0.0
-2;966.0;4987;2;4986.0;21.0;0.0;0.0;4993;23;0.0;0.0;0.0;0.0;4990.0;0.0
-2;967.0;4986;31;0.0;0.0;0.0;0.0;4993;31;0.0;0.0;0.0;0.0;4989.5;0.0
-2;968.0;4987;2;4986.0;23.0;0.0;0.0;4993;25;0.0;0.0;0.0;0.0;4990.0;0.0
-2;969.0;4991;1;4986.0;27.0;0.0;0.0;4993;27;0.0;0.0;0.0;0.0;4992.0;0.0
-2;970.0;4985;21;0.0;0.0;0.0;0.0;4992;21;0.0;0.0;0.0;0.0;4988.5;0.0
-2;971.0;4986;1;4985.0;23.0;0.0;0.0;4987;2;4992.0;24.0;0.0;0.0;4986.5;0.0
-2;972.0;4988;3;4985.0;20.0;0.0;0.0;4992;20;0.0;0.0;0.0;0.0;4990.0;0.0
-2;973.0;4986;22;0.0;0.0;0.0;0.0;4993;22;0.0;0.0;0.0;0.0;4989.5;0.0
-2;974.0;4986;32;0.0;0.0;0.0;0.0;4993;32;0.0;0.0;0.0;0.0;4989.5;0.0
-2;975.0;4987;9;4986.0;30.0;0.0;0.0;4993;31;0.0;0.0;0.0;0.0;4990.0;0.0
-2;976.0;4991;4;4987.0;22.0;0.0;0.0;4993;1;4994.0;21.0;0.0;0.0;4992.0;0.0
-2;977.0;4988;31;0.0;0.0;0.0;0.0;4995;31;0.0;0.0;0.0;0.0;4991.5;0.0
-2;978.0;4988;32;0.0;0.0;0.0;0.0;4994;2;4995.0;30.0;0.0;0.0;4991.0;0.0
-2;979.0;4988;24;0.0;0.0;0.0;0.0;4995;24;0.0;0.0;0.0;0.0;4991.5;0.0
-2;980.0;4988;30;0.0;0.0;0.0;0.0;4995;30;0.0;0.0;0.0;0.0;4991.5;0.0
-2;981.0;4988;31;0.0;0.0;0.0;0.0;4995;31;0.0;0.0;0.0;0.0;4991.5;0.0
-2;982.0;4993;1;4989.0;8.0;4988.0;27.0;4995;27;0.0;0.0;0.0;0.0;4994.0;0.0
-2;983.0;4988;26;0.0;0.0;0.0;0.0;4993;3;4995.0;27.0;0.0;0.0;4990.5;0.0
-2;984.0;4988;26;0.0;0.0;0.0;0.0;4989;4;4993.0;5.0;4995.0;26.0;4988.5;0.0
-2;985.0;4987;26;0.0;0.0;0.0;0.0;4988;1;4994.0;26.0;0.0;0.0;4987.5;0.0
-2;986.0;4992;5;4987.0;25.0;0.0;0.0;4994;25;0.0;0.0;0.0;0.0;4993.0;0.0
-2;987.0;4988;1;4987.0;20.0;0.0;0.0;4994;20;0.0;0.0;0.0;0.0;4991.0;0.0
-2;988.0;4987;29;0.0;0.0;0.0;0.0;4994;29;0.0;0.0;0.0;0.0;4990.5;0.0
-2;989.0;4988;2;4987.0;30.0;0.0;0.0;4994;32;0.0;0.0;0.0;0.0;4991.0;0.0
-2;990.0;4990;3;4987.0;25.0;0.0;0.0;4994;25;0.0;0.0;0.0;0.0;4992.0;0.0
-2;991.0;4988;2;4987.0;21.0;0.0;0.0;4992;7;4994.0;23.0;0.0;0.0;4990.0;0.0
-2;992.0;4987;22;0.0;0.0;0.0;0.0;4992;2;4994.0;22.0;0.0;0.0;4989.5;0.0
-2;993.0;4993;1;4990.0;3.0;4987.0;31.0;4994;31;0.0;0.0;0.0;0.0;4993.5;0.0
-2;994.0;4987;21;0.0;0.0;0.0;0.0;4990;2;4994.0;21.0;0.0;0.0;4988.5;0.0
-2;995.0;4988;26;0.0;0.0;0.0;0.0;4995;26;0.0;0.0;0.0;0.0;4991.5;0.0
-2;996.0;4993;1;4989.0;4.0;4988.0;30.0;4995;30;0.0;0.0;0.0;0.0;4994.0;0.0
-2;997.0;4988;28;0.0;0.0;0.0;0.0;4995;28;0.0;0.0;0.0;0.0;4991.5;0.0
-2;998.0;4987;31;0.0;0.0;0.0;0.0;4994;31;0.0;0.0;0.0;0.0;4990.5;0.0
-2;999.0;4989;6;4988.0;29.0;0.0;0.0;4991;4;4994.0;2.0;4995.0;27.0;4990.0;0.0
-2;1000.0;4987;28;0.0;0.0;0.0;0.0;4994;28;0.0;0.0;0.0;0.0;4990.5;0.0
-2;1001.0;4987;30;0.0;0.0;0.0;0.0;4994;30;0.0;0.0;0.0;0.0;4990.5;0.0
-2;1002.0;4987;27;0.0;0.0;0.0;0.0;4993;2;4994.0;26.0;0.0;0.0;4990.0;0.0
-2;1003.0;4986;22;0.0;0.0;0.0;0.0;4993;22;0.0;0.0;0.0;0.0;4989.5;0.0
-2;1004.0;4986;1;4985.0;27.0;0.0;0.0;4992;28;0.0;0.0;0.0;0.0;4989.0;0.0
-2;1005.0;4991;1;4986.0;21.0;0.0;0.0;4993;21;0.0;0.0;0.0;0.0;4992.0;0.0
-2;1006.0;4986;24;0.0;0.0;0.0;0.0;4993;24;0.0;0.0;0.0;0.0;4989.5;0.0
-2;1007.0;4986;31;0.0;0.0;0.0;0.0;4992;1;4993.0;30.0;0.0;0.0;4989.0;0.0
-2;1008.0;4986;27;0.0;0.0;0.0;0.0;4993;27;0.0;0.0;0.0;0.0;4989.5;0.0
-2;1009.0;4986;22;0.0;0.0;0.0;0.0;4993;22;0.0;0.0;0.0;0.0;4989.5;0.0
-2;1010.0;4987;26;0.0;0.0;0.0;0.0;4994;26;0.0;0.0;0.0;0.0;4990.5;0.0
-2;1011.0;4987;21;0.0;0.0;0.0;0.0;4993;1;4994.0;20.0;0.0;0.0;4990.0;0.0
-2;1012.0;4987;7;4986.0;27.0;0.0;0.0;4993;28;0.0;0.0;0.0;0.0;4990.0;0.0
-2;1013.0;4987;2;4986.0;21.0;0.0;0.0;4993;23;0.0;0.0;0.0;0.0;4990.0;0.0
-2;1014.0;4987;7;4986.0;27.0;0.0;0.0;4993;28;0.0;0.0;0.0;0.0;4990.0;0.0
-2;1015.0;4987;2;4986.0;24.0;0.0;0.0;4993;26;0.0;0.0;0.0;0.0;4990.0;0.0
-2;1016.0;4986;26;0.0;0.0;0.0;0.0;4991;3;4993.0;26.0;0.0;0.0;4988.5;0.0
-2;1017.0;4986;28;0.0;0.0;0.0;0.0;4993;28;0.0;0.0;0.0;0.0;4989.5;0.0
-2;1018.0;4985;22;0.0;0.0;0.0;0.0;4992;22;0.0;0.0;0.0;0.0;4988.5;0.0
-2;1019.0;4985;23;0.0;0.0;0.0;0.0;4992;23;0.0;0.0;0.0;0.0;4988.5;0.0
-2;1020.0;4985;21;0.0;0.0;0.0;0.0;4991;1;4992.0;20.0;0.0;0.0;4988.0;0.0
-2;1021.0;4985;1;4984.0;24.0;0.0;0.0;4991;25;0.0;0.0;0.0;0.0;4988.0;0.0
-2;1022.0;4984;23;0.0;0.0;0.0;0.0;4989;4;4991.0;23.0;0.0;0.0;4986.5;0.0
-2;1023.0;4985;2;4984.0;29.0;0.0;0.0;4991;31;0.0;0.0;0.0;0.0;4988.0;0.0
-2;1024.0;4986;6;4985.0;30.0;0.0;0.0;4991;1;4992.0;29.0;0.0;0.0;4988.5;0.0
-2;1025.0;4984;31;0.0;0.0;0.0;0.0;4985;1;4987.0;4.0;4991.0;31.0;4984.5;0.0
-2;1026.0;4990;1;4985.0;2.0;4984.0;28.0;4991;30;0.0;0.0;0.0;0.0;4990.5;0.0
-2;1027.0;4985;23;0.0;0.0;0.0;0.0;4991;1;4992.0;22.0;0.0;0.0;4988.0;0.0
-2;1028.0;4986;8;4985.0;22.0;0.0;0.0;4991;1;4992.0;21.0;0.0;0.0;4988.5;0.0
-2;1029.0;4984;29;0.0;0.0;0.0;0.0;4991;29;0.0;0.0;0.0;0.0;4987.5;0.0
-2;1030.0;4983;25;0.0;0.0;0.0;0.0;4990;25;0.0;0.0;0.0;0.0;4986.5;0.0
-2;1031.0;4984;4;4983.0;28.0;0.0;0.0;4990;30;0.0;0.0;0.0;0.0;4987.0;0.0
-2;1032.0;4984;22;0.0;0.0;0.0;0.0;4991;22;0.0;0.0;0.0;0.0;4987.5;0.0
-2;1033.0;4984;24;0.0;0.0;0.0;0.0;4991;24;0.0;0.0;0.0;0.0;4987.5;0.0
-2;1034.0;4988;2;4983.0;21.0;0.0;0.0;4990;21;0.0;0.0;0.0;0.0;4989.0;0.0
-2;1035.0;4984;29;0.0;0.0;0.0;0.0;4989;5;4991.0;29.0;0.0;0.0;4986.5;0.0
-2;1036.0;4985;2;4984.0;29.0;0.0;0.0;4991;31;0.0;0.0;0.0;0.0;4988.0;0.0
-2;1037.0;4990;1;4985.0;2.0;4984.0;29.0;4991;31;0.0;0.0;0.0;0.0;4990.5;0.0
-2;1038.0;4985;10;4984.0;20.0;0.0;0.0;4991;22;0.0;0.0;0.0;0.0;4988.0;0.0
-2;1039.0;4984;31;0.0;0.0;0.0;0.0;4990;2;4991.0;29.0;0.0;0.0;4987.0;0.0
-2;1040.0;4984;22;0.0;0.0;0.0;0.0;4991;22;0.0;0.0;0.0;0.0;4987.5;0.0
-2;1041.0;4983;29;0.0;0.0;0.0;0.0;4990;29;0.0;0.0;0.0;0.0;4986.5;0.0
-2;1042.0;4983;30;0.0;0.0;0.0;0.0;4985;3;4988.0;6.0;4990.0;30.0;4984.0;0.0
-2;1043.0;4984;23;0.0;0.0;0.0;0.0;4991;23;0.0;0.0;0.0;0.0;4987.5;0.0
-2;1044.0;4984;24;0.0;0.0;0.0;0.0;4990;1;4991.0;23.0;0.0;0.0;4987.0;0.0
-2;1045.0;4989;5;4985.0;8.0;4984.0;21.0;4991;21;0.0;0.0;0.0;0.0;4990.0;0.0
-2;1046.0;4985;3;4984.0;25.0;0.0;0.0;4991;25;0.0;0.0;0.0;0.0;4988.0;0.0
-2;1047.0;4985;4;4984.0;26.0;0.0;0.0;4991;27;0.0;0.0;0.0;0.0;4988.0;0.0
-2;1048.0;4985;24;0.0;0.0;0.0;0.0;4991;1;4992.0;24.0;0.0;0.0;4988.0;0.0
-2;1049.0;4986;5;4985.0;27.0;0.0;0.0;4992;27;0.0;0.0;0.0;0.0;4989.0;0.0
-2;1050.0;4990;1;4985.0;28.0;0.0;0.0;4991;1;4992.0;27.0;0.0;0.0;4990.5;0.0
-2;1051.0;4985;31;0.0;0.0;0.0;0.0;4992;31;0.0;0.0;0.0;0.0;4988.5;0.0
-2;1052.0;4986;2;4985.0;27.0;0.0;0.0;4992;29;0.0;0.0;0.0;0.0;4989.0;0.0
-2;1053.0;4985;22;0.0;0.0;0.0;0.0;4986;1;4992.0;22.0;0.0;0.0;4985.5;0.0
-2;1054.0;4986;3;4985.0;23.0;0.0;0.0;4992;23;0.0;0.0;0.0;0.0;4989.0;0.0
-2;1055.0;4985;29;0.0;0.0;0.0;0.0;4990;4;4992.0;29.0;0.0;0.0;4987.5;0.0
-2;1056.0;4986;22;0.0;0.0;0.0;0.0;4993;22;0.0;0.0;0.0;0.0;4989.5;0.0
-2;1057.0;4986;29;0.0;0.0;0.0;0.0;4991;3;4993.0;29.0;0.0;0.0;4988.5;0.0
-2;1058.0;4986;31;0.0;0.0;0.0;0.0;4993;31;0.0;0.0;0.0;0.0;4989.5;0.0
-2;1059.0;4986;28;0.0;0.0;0.0;0.0;4989;6;4992.0;2.0;4993.0;26.0;4987.5;0.0
-2;1060.0;4985;27;0.0;0.0;0.0;0.0;4992;27;0.0;0.0;0.0;0.0;4988.5;0.0
-2;1061.0;4984;23;0.0;0.0;0.0;0.0;4991;23;0.0;0.0;0.0;0.0;4987.5;0.0
-2;1062.0;4985;2;4984.0;24.0;0.0;0.0;4991;26;0.0;0.0;0.0;0.0;4988.0;0.0
-2;1063.0;4985;2;4984.0;23.0;0.0;0.0;4991;23;0.0;0.0;0.0;0.0;4988.0;0.0
-2;1064.0;4984;22;0.0;0.0;0.0;0.0;4991;22;0.0;0.0;0.0;0.0;4987.5;0.0
-2;1065.0;4984;1;4983.0;25.0;0.0;0.0;4990;26;0.0;0.0;0.0;0.0;4987.0;0.0
-2;1066.0;4983;22;0.0;0.0;0.0;0.0;4990;22;0.0;0.0;0.0;0.0;4986.5;0.0
-2;1067.0;4984;7;4983.0;20.0;0.0;0.0;4990;20;0.0;0.0;0.0;0.0;4987.0;0.0
-2;1068.0;4983;1;4982.0;29.0;0.0;0.0;4987;8;4989.0;30.0;0.0;0.0;4985.0;0.0
-2;1069.0;4983;23;0.0;0.0;0.0;0.0;4990;23;0.0;0.0;0.0;0.0;4986.5;0.0
-2;1070.0;4983;23;0.0;0.0;0.0;0.0;4984;10;4989.0;2.0;4990.0;21.0;4983.5;0.0
-2;1071.0;4983;27;0.0;0.0;0.0;0.0;4990;27;0.0;0.0;0.0;0.0;4986.5;0.0
-2;1072.0;4988;1;4983.0;30.0;0.0;0.0;4990;30;0.0;0.0;0.0;0.0;4989.0;0.0
-2;1073.0;4983;26;0.0;0.0;0.0;0.0;4990;26;0.0;0.0;0.0;0.0;4986.5;0.0
-2;1074.0;4983;29;0.0;0.0;0.0;0.0;4988;1;4990.0;29.0;0.0;0.0;4985.5;0.0
-2;1075.0;4983;25;0.0;0.0;0.0;0.0;4990;25;0.0;0.0;0.0;0.0;4986.5;0.0
-2;1076.0;4983;25;0.0;0.0;0.0;0.0;4990;25;0.0;0.0;0.0;0.0;4986.5;0.0
-2;1077.0;4983;22;0.0;0.0;0.0;0.0;4990;22;0.0;0.0;0.0;0.0;4986.5;0.0
-2;1078.0;4987;4;4984.0;2.0;4983.0;22.0;4990;22;0.0;0.0;0.0;0.0;4988.5;0.0
-2;1079.0;4989;1;4983.0;22.0;0.0;0.0;4990;22;0.0;0.0;0.0;0.0;4989.5;0.0
-2;1080.0;4983;25;0.0;0.0;0.0;0.0;4989;2;4990.0;23.0;0.0;0.0;4986.0;0.0
-2;1081.0;4982;32;0.0;0.0;0.0;0.0;4989;32;0.0;0.0;0.0;0.0;4985.5;0.0
-2;1082.0;4982;29;0.0;0.0;0.0;0.0;4983;5;4989.0;29.0;0.0;0.0;4982.5;0.0
-2;1083.0;4982;25;0.0;0.0;0.0;0.0;4988;2;4989.0;23.0;0.0;0.0;4985.0;0.0
-2;1084.0;4982;27;0.0;0.0;0.0;0.0;4989;27;0.0;0.0;0.0;0.0;4985.5;0.0
-2;1085.0;4987;1;4982.0;27.0;0.0;0.0;4989;27;0.0;0.0;0.0;0.0;4988.0;0.0
-2;1086.0;4982;26;0.0;0.0;0.0;0.0;4985;2;4989.0;26.0;0.0;0.0;4983.5;0.0
-2;1087.0;4982;26;0.0;0.0;0.0;0.0;4984;2;4989.0;26.0;0.0;0.0;4983.0;0.0
-2;1088.0;4982;26;0.0;0.0;0.0;0.0;4989;26;0.0;0.0;0.0;0.0;4985.5;0.0
-2;1089.0;4982;20;0.0;0.0;0.0;0.0;4987;4;4989.0;21.0;0.0;0.0;4984.5;0.0
-2;1090.0;4982;28;0.0;0.0;0.0;0.0;4989;28;0.0;0.0;0.0;0.0;4985.5;0.0
-2;1091.0;4982;22;0.0;0.0;0.0;0.0;4987;8;4989.0;22.0;0.0;0.0;4984.5;0.0
-2;1092.0;4986;3;4984.0;6.0;4983.0;23.0;4989;2;4990.0;21.0;0.0;0.0;4987.5;0.0
-2;1093.0;4983;5;4982.0;26.0;0.0;0.0;4989;26;0.0;0.0;0.0;0.0;4986.0;0.0
-2;1094.0;4982;23;0.0;0.0;0.0;0.0;4989;23;0.0;0.0;0.0;0.0;4985.5;0.0
-2;1095.0;4988;1;4983.0;1.0;4982.0;29.0;4989;30;0.0;0.0;0.0;0.0;4988.5;0.0
-2;1096.0;4983;2;4982.0;20.0;0.0;0.0;4989;22;0.0;0.0;0.0;0.0;4986.0;0.0
-2;1097.0;4983;23;0.0;0.0;0.0;0.0;4990;23;0.0;0.0;0.0;0.0;4986.5;0.0
-2;1098.0;4983;28;0.0;0.0;0.0;0.0;4990;28;0.0;0.0;0.0;0.0;4986.5;0.0
-2;1099.0;4983;29;0.0;0.0;0.0;0.0;4989;2;4990.0;27.0;0.0;0.0;4986.0;0.0
-2;1100.0;4983;26;0.0;0.0;0.0;0.0;4988;7;4990.0;26.0;0.0;0.0;4985.5;0.0
-2;1101.0;4983;2;4982.0;30.0;0.0;0.0;4989;30;0.0;0.0;0.0;0.0;4986.0;0.0
-2;1102.0;4987;2;4983.0;5.0;4982.0;23.0;4989;24;0.0;0.0;0.0;0.0;4988.0;0.0
-2;1103.0;4983;23;0.0;0.0;0.0;0.0;4990;23;0.0;0.0;0.0;0.0;4986.5;0.0
-2;1104.0;4983;30;0.0;0.0;0.0;0.0;4989;1;4990.0;29.0;0.0;0.0;4986.0;0.0
-2;1105.0;4983;29;0.0;0.0;0.0;0.0;4990;29;0.0;0.0;0.0;0.0;4986.5;0.0
-2;1106.0;4983;23;0.0;0.0;0.0;0.0;4989;1;4990.0;22.0;0.0;0.0;4986.0;0.0
-2;1107.0;4982;23;0.0;0.0;0.0;0.0;4989;23;0.0;0.0;0.0;0.0;4985.5;0.0
-2;1108.0;4982;22;0.0;0.0;0.0;0.0;4989;22;0.0;0.0;0.0;0.0;4985.5;0.0
-2;1109.0;4981;27;0.0;0.0;0.0;0.0;4988;27;0.0;0.0;0.0;0.0;4984.5;0.0
-2;1110.0;4981;32;0.0;0.0;0.0;0.0;4988;32;0.0;0.0;0.0;0.0;4984.5;0.0
-2;1111.0;4981;28;0.0;0.0;0.0;0.0;4988;28;0.0;0.0;0.0;0.0;4984.5;0.0
-2;1112.0;4981;21;0.0;0.0;0.0;0.0;4988;21;0.0;0.0;0.0;0.0;4984.5;0.0
-2;1113.0;4982;27;0.0;0.0;0.0;0.0;4985;3;4989.0;27.0;0.0;0.0;4983.5;0.0
-2;1114.0;4986;3;4982.0;20.0;0.0;0.0;4989;20;0.0;0.0;0.0;0.0;4987.5;0.0
-2;1115.0;4982;28;0.0;0.0;0.0;0.0;4989;28;0.0;0.0;0.0;0.0;4985.5;0.0
-2;1116.0;4982;25;0.0;0.0;0.0;0.0;4987;6;4989.0;25.0;0.0;0.0;4984.5;0.0
-2;1117.0;4982;31;0.0;0.0;0.0;0.0;4984;2;4987.0;2.0;4989.0;31.0;4983.0;0.0
-2;1118.0;4981;28;0.0;0.0;0.0;0.0;4988;28;0.0;0.0;0.0;0.0;4984.5;0.0
-2;1119.0;4982;8;4981.0;26.0;0.0;0.0;4987;1;4988.0;25.0;0.0;0.0;4984.5;0.0
-2;1120.0;4981;26;0.0;0.0;0.0;0.0;4988;26;0.0;0.0;0.0;0.0;4984.5;0.0
-2;1121.0;4984;5;4981.0;28.0;0.0;0.0;4987;28;0.0;0.0;0.0;0.0;4985.5;0.0
-2;1122.0;4981;25;0.0;0.0;0.0;0.0;4988;25;0.0;0.0;0.0;0.0;4984.5;0.0
-2;1123.0;4982;3;4981.0;29.0;0.0;0.0;4988;29;0.0;0.0;0.0;0.0;4985.0;0.0
-2;1124.0;4981;2;4980.0;23.0;0.0;0.0;4987;23;0.0;0.0;0.0;0.0;4984.0;0.0
-2;1125.0;4986;1;4980.0;29.0;0.0;0.0;4987;29;0.0;0.0;0.0;0.0;4986.5;0.0
-2;1126.0;4980;27;0.0;0.0;0.0;0.0;4981;1;4987.0;27.0;0.0;0.0;4980.5;0.0
-2;1127.0;4980;30;0.0;0.0;0.0;0.0;4985;7;4987.0;30.0;0.0;0.0;4982.5;0.0
-2;1128.0;4980;1;4979.0;21.0;0.0;0.0;4986;22;0.0;0.0;0.0;0.0;4983.0;0.0
-2;1129.0;4983;2;4980.0;22.0;0.0;0.0;4986;2;4987.0;20.0;0.0;0.0;4984.5;0.0
-2;1130.0;4979;23;0.0;0.0;0.0;0.0;4984;4;4986.0;23.0;0.0;0.0;4981.5;0.0
-2;1131.0;4980;24;0.0;0.0;0.0;0.0;4986;1;4987.0;23.0;0.0;0.0;4983.0;0.0
-2;1132.0;4985;1;4980.0;25.0;0.0;0.0;4987;25;0.0;0.0;0.0;0.0;4986.0;0.0
-2;1133.0;4980;27;0.0;0.0;0.0;0.0;4987;28;0.0;0.0;0.0;0.0;4983.5;0.0
-2;1134.0;4980;21;0.0;0.0;0.0;0.0;4985;4;4986.0;1.0;4987.0;20.0;4982.5;0.0
-2;1135.0;4980;1;4979.0;20.0;0.0;0.0;4984;7;4986.0;21.0;0.0;0.0;4982.0;0.0
-2;1136.0;4980;6;4979.0;20.0;0.0;0.0;4986;20;0.0;0.0;0.0;0.0;4983.0;0.0
-2;1137.0;4978;28;0.0;0.0;0.0;0.0;4979;1;4985.0;28.0;0.0;0.0;4978.5;0.0
-2;1138.0;4978;26;0.0;0.0;0.0;0.0;4983;1;4985.0;26.0;0.0;0.0;4980.5;0.0
-2;1139.0;4979;28;0.0;0.0;0.0;0.0;4983;2;4985.0;28.0;0.0;0.0;4981.0;0.0
-2;1140.0;4980;1;4979.0;28.0;0.0;0.0;4985;1;4986.0;27.0;0.0;0.0;4982.5;0.0
-2;1141.0;4978;26;0.0;0.0;0.0;0.0;4985;26;0.0;0.0;0.0;0.0;4981.5;0.0
-2;1142.0;4983;9;4979.0;3.0;4978.0;28.0;4985;28;0.0;0.0;0.0;0.0;4984.0;0.0
-2;1143.0;4978;28;0.0;0.0;0.0;0.0;4985;28;0.0;0.0;0.0;0.0;4981.5;0.0
-2;1144.0;4978;22;0.0;0.0;0.0;0.0;4979;1;4985.0;22.0;0.0;0.0;4978.5;0.0
-2;1145.0;4978;25;0.0;0.0;0.0;0.0;4983;5;4984.0;2.0;4985.0;23.0;4980.5;0.0
-2;1146.0;4979;1;4978.0;27.0;0.0;0.0;4983;1;4985.0;28.0;0.0;0.0;4981.0;0.0
-2;1147.0;4978;21;0.0;0.0;0.0;0.0;4985;21;0.0;0.0;0.0;0.0;4981.5;0.0
-2;1148.0;4980;5;4979.0;26.0;0.0;0.0;4986;26;0.0;0.0;0.0;0.0;4983.0;0.0
-2;1149.0;4980;31;0.0;0.0;0.0;0.0;4985;4;4986.0;2.0;4987.0;29.0;4982.5;0.0
-2;1150.0;4979;25;0.0;0.0;0.0;0.0;4986;25;0.0;0.0;0.0;0.0;4982.5;0.0
-2;1151.0;4980;23;0.0;0.0;0.0;0.0;4986;2;4987.0;22.0;0.0;0.0;4983.0;0.0
-2;1152.0;4980;26;0.0;0.0;0.0;0.0;4985;8;4986.0;2.0;4987.0;24.0;4982.5;0.0
-2;1153.0;4980;21;0.0;0.0;0.0;0.0;4987;22;0.0;0.0;0.0;0.0;4983.5;0.0
-2;1154.0;4980;28;0.0;0.0;0.0;0.0;4987;28;0.0;0.0;0.0;0.0;4983.5;0.0
-2;1155.0;4981;8;4980.0;26.0;0.0;0.0;4987;26;0.0;0.0;0.0;0.0;4984.0;0.0
-2;1156.0;4980;30;0.0;0.0;0.0;0.0;4986;2;4987.0;28.0;0.0;0.0;4983.0;0.0
-2;1157.0;4979;27;0.0;0.0;0.0;0.0;4981;3;4986.0;27.0;0.0;0.0;4980.0;0.0
-2;1158.0;4979;25;0.0;0.0;0.0;0.0;4984;4;4985.0;1.0;4986.0;24.0;4981.5;0.0
-2;1159.0;4984;1;4979.0;31.0;0.0;0.0;4985;1;4986.0;30.0;0.0;0.0;4984.5;0.0
-2;1160.0;4979;23;0.0;0.0;0.0;0.0;4985;1;4986.0;22.0;0.0;0.0;4982.0;0.0
-2;1161.0;4979;27;0.0;0.0;0.0;0.0;4984;3;4985.0;1.0;4986.0;26.0;4981.5;0.0
-2;1162.0;4979;32;0.0;0.0;0.0;0.0;4985;2;4986.0;30.0;0.0;0.0;4982.0;0.0
-2;1163.0;4979;23;0.0;0.0;0.0;0.0;4985;1;4986.0;22.0;0.0;0.0;4982.0;0.0
-2;1164.0;4979;25;0.0;0.0;0.0;0.0;4986;25;0.0;0.0;0.0;0.0;4982.5;0.0
-2;1165.0;4978;23;0.0;0.0;0.0;0.0;4983;1;4985.0;23.0;0.0;0.0;4980.5;0.0
-2;1166.0;4978;30;0.0;0.0;0.0;0.0;4984;2;4985.0;28.0;0.0;0.0;4981.0;0.0
-2;1167.0;4978;22;0.0;0.0;0.0;0.0;4981;3;4983.0;1.0;4984.0;2.0;4979.5;0.0
-2;1168.0;4983;1;4978.0;30.0;0.0;0.0;4985;30;0.0;0.0;0.0;0.0;4984.0;0.0
-2;1169.0;4978;25;0.0;0.0;0.0;0.0;4985;25;0.0;0.0;0.0;0.0;4981.5;0.0
-2;1170.0;4979;2;4978.0;30.0;0.0;0.0;4981;5;4985.0;32.0;0.0;0.0;4980.0;0.0
-2;1171.0;4979;2;4978.0;22.0;0.0;0.0;4983;2;4985.0;24.0;0.0;0.0;4981.0;0.0
-2;1172.0;4979;27;0.0;0.0;0.0;0.0;4984;2;4985.0;2.0;4986.0;25.0;4981.5;0.0
-2;1173.0;4978;26;0.0;0.0;0.0;0.0;4985;26;0.0;0.0;0.0;0.0;4981.5;0.0
-2;1174.0;4978;27;0.0;0.0;0.0;0.0;4983;2;4985.0;27.0;0.0;0.0;4980.5;0.0
-2;1175.0;4978;7;4977.0;28.0;0.0;0.0;4984;28;0.0;0.0;0.0;0.0;4981.0;0.0
-2;1176.0;4979;1;4978.0;26.0;0.0;0.0;4985;26;0.0;0.0;0.0;0.0;4982.0;0.0
-2;1177.0;4978;23;0.0;0.0;0.0;0.0;4985;23;0.0;0.0;0.0;0.0;4981.5;0.0
-2;1178.0;4984;1;4978.0;27.0;0.0;0.0;4985;27;0.0;0.0;0.0;0.0;4984.5;0.0
-2;1179.0;4978;26;0.0;0.0;0.0;0.0;4981;4;4984.0;2.0;4985.0;24.0;4979.5;0.0
-2;1180.0;4977;22;0.0;0.0;0.0;0.0;4984;22;0.0;0.0;0.0;0.0;4980.5;0.0
-2;1181.0;4977;7;4976.0;28.0;0.0;0.0;4983;28;0.0;0.0;0.0;0.0;4980.0;0.0
-2;1182.0;4976;29;0.0;0.0;0.0;0.0;4983;29;0.0;0.0;0.0;0.0;4979.5;0.0
-2;1183.0;4979;3;4977.0;3.0;4976.0;29.0;4983;29;0.0;0.0;0.0;0.0;4981.0;0.0
-2;1184.0;4976;1;4975.0;25.0;0.0;0.0;4980;5;4982.0;26.0;0.0;0.0;4978.0;0.0
-2;1185.0;4976;5;4975.0;23.0;0.0;0.0;4982;23;0.0;0.0;0.0;0.0;4979.0;0.0
-2;1186.0;4975;30;0.0;0.0;0.0;0.0;4980;7;4982.0;30.0;0.0;0.0;4977.5;0.0
-2;1187.0;4975;30;0.0;0.0;0.0;0.0;4982;31;0.0;0.0;0.0;0.0;4978.5;0.0
-2;1188.0;4975;28;0.0;0.0;0.0;0.0;4982;28;0.0;0.0;0.0;0.0;4978.5;0.0
-2;1189.0;4975;29;0.0;0.0;0.0;0.0;4982;29;0.0;0.0;0.0;0.0;4978.5;0.0
-2;1190.0;4975;29;0.0;0.0;0.0;0.0;4982;29;0.0;0.0;0.0;0.0;4978.5;0.0
-2;1191.0;4975;32;0.0;0.0;0.0;0.0;4980;3;4982.0;32.0;0.0;0.0;4977.5;0.0
-2;1192.0;4974;23;0.0;0.0;0.0;0.0;4981;23;0.0;0.0;0.0;0.0;4977.5;0.0
-2;1193.0;4975;4;4974.0;27.0;0.0;0.0;4981;27;0.0;0.0;0.0;0.0;4978.0;0.0
-2;1194.0;4974;29;0.0;0.0;0.0;0.0;4981;29;0.0;0.0;0.0;0.0;4977.5;0.0
-2;1195.0;4974;24;0.0;0.0;0.0;0.0;4981;24;0.0;0.0;0.0;0.0;4977.5;0.0
-2;1196.0;4973;26;0.0;0.0;0.0;0.0;4980;27;0.0;0.0;0.0;0.0;4976.5;0.0
-2;1197.0;4974;21;0.0;0.0;0.0;0.0;4980;1;4981.0;20.0;0.0;0.0;4977.0;0.0
-2;1198.0;4974;7;4973.0;28.0;0.0;0.0;4980;30;0.0;0.0;0.0;0.0;4977.0;0.0
-2;1199.0;4974;9;4973.0;29.0;0.0;0.0;4980;31;0.0;0.0;0.0;0.0;4977.0;0.0
-2;1200.0;4974;27;0.0;0.0;0.0;0.0;4979;3;4981.0;27.0;0.0;0.0;4976.5;0.0
-2;1201.0;4973;23;0.0;0.0;0.0;0.0;4978;3;4980.0;23.0;0.0;0.0;4975.5;0.0
-2;1202.0;4973;27;0.0;0.0;0.0;0.0;4979;1;4980.0;26.0;0.0;0.0;4976.0;0.0
-2;1203.0;4973;20;0.0;0.0;0.0;0.0;4980;21;0.0;0.0;0.0;0.0;4976.5;0.0
-2;1204.0;4973;5;4972.0;28.0;0.0;0.0;4979;29;0.0;0.0;0.0;0.0;4976.0;0.0
-2;1205.0;4973;5;4972.0;31.0;0.0;0.0;4979;31;0.0;0.0;0.0;0.0;4976.0;0.0
-2;1206.0;4972;31;0.0;0.0;0.0;0.0;4979;31;0.0;0.0;0.0;0.0;4975.5;0.0
-2;1207.0;4972;28;0.0;0.0;0.0;0.0;4979;28;0.0;0.0;0.0;0.0;4975.5;0.0
-2;1208.0;4973;2;4972.0;28.0;0.0;0.0;4979;29;0.0;0.0;0.0;0.0;4976.0;0.0
-2;1209.0;4978;1;4975.0;6.0;4973.0;6.0;4979;29;0.0;0.0;0.0;0.0;4978.5;0.0
-2;1210.0;4973;1;4972.0;29.0;0.0;0.0;4977;3;4979.0;30.0;0.0;0.0;4975.0;0.0
-2;1211.0;4973;27;0.0;0.0;0.0;0.0;4979;2;4980.0;25.0;0.0;0.0;4976.0;0.0
-2;1212.0;4974;1;4973.0;26.0;0.0;0.0;4980;27;0.0;0.0;0.0;0.0;4977.0;0.0
-2;1213.0;4974;2;4973.0;23.0;0.0;0.0;4980;24;0.0;0.0;0.0;0.0;4977.0;0.0
-2;1214.0;4974;23;0.0;0.0;0.0;0.0;4981;23;0.0;0.0;0.0;0.0;4977.5;0.0
-2;1215.0;4975;1;4974.0;25.0;0.0;0.0;4979;6;4981.0;26.0;0.0;0.0;4977.0;0.0
-2;1216.0;4975;2;4974.0;23.0;0.0;0.0;4981;25;0.0;0.0;0.0;0.0;4978.0;0.0
-2;1217.0;4975;1;4974.0;29.0;0.0;0.0;4981;30;0.0;0.0;0.0;0.0;4978.0;0.0
-2;1218.0;4974;27;0.0;0.0;0.0;0.0;4981;27;0.0;0.0;0.0;0.0;4977.5;0.0
-2;1219.0;4974;23;0.0;0.0;0.0;0.0;4979;5;4980.0;1.0;4981.0;22.0;4976.5;0.0
-2;1220.0;4974;24;0.0;0.0;0.0;0.0;4981;24;0.0;0.0;0.0;0.0;4977.5;0.0
-2;1221.0;4974;22;0.0;0.0;0.0;0.0;4975;9;4980.0;2.0;4981.0;20.0;4974.5;0.0
-2;1222.0;4974;21;0.0;0.0;0.0;0.0;4979;8;4981.0;21.0;0.0;0.0;4976.5;0.0
-2;1223.0;4975;5;4974.0;20.0;0.0;0.0;4981;20;0.0;0.0;0.0;0.0;4978.0;0.0
-2;1224.0;4974;3;4973.0;30.0;0.0;0.0;4980;32;0.0;0.0;0.0;0.0;4977.0;0.0
-2;1225.0;4973;20;0.0;0.0;0.0;0.0;4978;5;4980.0;20.0;0.0;0.0;4975.5;0.0
-2;1226.0;4973;22;0.0;0.0;0.0;0.0;4978;5;4980.0;22.0;0.0;0.0;4975.5;0.0
-2;1227.0;4974;2;4973.0;27.0;0.0;0.0;4980;29;0.0;0.0;0.0;0.0;4977.0;0.0
-2;1228.0;4973;26;0.0;0.0;0.0;0.0;4980;27;0.0;0.0;0.0;0.0;4976.5;0.0
-2;1229.0;4973;26;0.0;0.0;0.0;0.0;4980;26;0.0;0.0;0.0;0.0;4976.5;0.0
-2;1230.0;4973;28;0.0;0.0;0.0;0.0;4978;6;4980.0;28.0;0.0;0.0;4975.5;0.0
-2;1231.0;4974;1;4973.0;24.0;0.0;0.0;4979;2;4980.0;22.0;0.0;0.0;4976.5;0.0
-2;1232.0;4973;31;0.0;0.0;0.0;0.0;4974;5;4980.0;32.0;0.0;0.0;4973.5;0.0
-2;1233.0;4978;1;4976.0;6.0;4974.0;6.0;4980;30;0.0;0.0;0.0;0.0;4979.0;0.0
-2;1234.0;4978;9;4973.0;28.0;0.0;0.0;4980;28;0.0;0.0;0.0;0.0;4979.0;0.0
-2;1235.0;4973;25;0.0;0.0;0.0;0.0;4980;25;0.0;0.0;0.0;0.0;4976.5;0.0
-2;1236.0;4974;4;4973.0;26.0;0.0;0.0;4980;26;0.0;0.0;0.0;0.0;4977.0;0.0
-2;1237.0;4973;28;0.0;0.0;0.0;0.0;4980;28;0.0;0.0;0.0;0.0;4976.5;0.0
-2;1238.0;4972;31;0.0;0.0;0.0;0.0;4979;31;0.0;0.0;0.0;0.0;4975.5;0.0
-2;1239.0;4972;24;0.0;0.0;0.0;0.0;4978;2;4979.0;22.0;0.0;0.0;4975.0;0.0
-2;1240.0;4977;1;4973.0;2.0;4972.0;27.0;4978;1;4979.0;26.0;0.0;0.0;4977.5;0.0
-2;1241.0;4977;1;4972.0;28.0;0.0;0.0;4978;1;4979.0;27.0;0.0;0.0;4977.5;0.0
-2;1242.0;4971;22;0.0;0.0;0.0;0.0;4978;22;0.0;0.0;0.0;0.0;4974.5;0.0
-2;1243.0;4974;3;4972.0;1.0;4971.0;24.0;4978;25;0.0;0.0;0.0;0.0;4976.0;0.0
-2;1244.0;4972;29;0.0;0.0;0.0;0.0;4979;29;0.0;0.0;0.0;0.0;4975.5;0.0
-2;1245.0;4971;21;0.0;0.0;0.0;0.0;4978;21;0.0;0.0;0.0;0.0;4974.5;0.0
-2;1246.0;4971;26;0.0;0.0;0.0;0.0;4977;26;0.0;0.0;0.0;0.0;4974.0;0.0
-2;1247.0;4971;22;0.0;0.0;0.0;0.0;4972;3;4977.0;1.0;4978.0;21.0;4971.5;0.0
-2;1248.0;4970;26;0.0;0.0;0.0;0.0;4977;26;0.0;0.0;0.0;0.0;4973.5;0.0
-2;1249.0;4970;25;0.0;0.0;0.0;0.0;4976;1;4977.0;24.0;0.0;0.0;4973.0;0.0
-2;1250.0;4969;30;0.0;0.0;0.0;0.0;4976;30;0.0;0.0;0.0;0.0;4972.5;0.0
-2;1251.0;4970;2;4969.0;26.0;0.0;0.0;4976;28;0.0;0.0;0.0;0.0;4973.0;0.0
-2;1252.0;4970;1;4969.0;30.0;0.0;0.0;4976;32;0.0;0.0;0.0;0.0;4973.0;0.0
-2;1253.0;4970;1;4969.0;25.0;0.0;0.0;4974;1;4976.0;26.0;0.0;0.0;4972.0;0.0
-2;1254.0;4969;27;0.0;0.0;0.0;0.0;4976;27;0.0;0.0;0.0;0.0;4972.5;0.0
-2;1255.0;4969;32;0.0;0.0;0.0;0.0;4974;6;4976.0;32.0;0.0;0.0;4971.5;0.0
-2;1256.0;4970;28;0.0;0.0;0.0;0.0;4976;2;4977.0;26.0;0.0;0.0;4973.0;0.0
-2;1257.0;4969;29;0.0;0.0;0.0;0.0;4974;7;4976.0;29.0;0.0;0.0;4971.5;0.0
-2;1258.0;4969;27;0.0;0.0;0.0;0.0;4975;2;4976.0;25.0;0.0;0.0;4972.0;0.0
-2;1259.0;4969;22;0.0;0.0;0.0;0.0;4975;2;4976.0;20.0;0.0;0.0;4972.0;0.0
-2;1260.0;4969;6;4968.0;21.0;0.0;0.0;4975;23;0.0;0.0;0.0;0.0;4972.0;0.0
-2;1261.0;4969;30;0.0;0.0;0.0;0.0;4976;30;0.0;0.0;0.0;0.0;4972.5;0.0
-2;1262.0;4969;26;0.0;0.0;0.0;0.0;4976;26;0.0;0.0;0.0;0.0;4972.5;0.0
-2;1263.0;4969;29;0.0;0.0;0.0;0.0;4971;2;4976.0;29.0;0.0;0.0;4970.0;0.0
-2;1264.0;4969;3;4968.0;28.0;0.0;0.0;4975;28;0.0;0.0;0.0;0.0;4972.0;0.0
-2;1265.0;4969;1;4968.0;29.0;0.0;0.0;4975;30;0.0;0.0;0.0;0.0;4972.0;0.0
-2;1266.0;4969;27;0.0;0.0;0.0;0.0;4976;27;0.0;0.0;0.0;0.0;4972.5;0.0
-2;1267.0;4969;26;0.0;0.0;0.0;0.0;4974;2;4976.0;26.0;0.0;0.0;4971.5;0.0
-2;1268.0;4969;26;0.0;0.0;0.0;0.0;4976;26;0.0;0.0;0.0;0.0;4972.5;0.0
-2;1269.0;4969;25;0.0;0.0;0.0;0.0;4976;25;0.0;0.0;0.0;0.0;4972.5;0.0
-2;1270.0;4970;9;4969.0;24.0;0.0;0.0;4976;25;0.0;0.0;0.0;0.0;4973.0;0.0
-2;1271.0;4970;28;0.0;0.0;0.0;0.0;4977;28;0.0;0.0;0.0;0.0;4973.5;0.0
-2;1272.0;4970;20;0.0;0.0;0.0;0.0;4977;20;0.0;0.0;0.0;0.0;4973.5;0.0
-2;1273.0;4971;1;4970.0;24.0;0.0;0.0;4976;2;4977.0;22.0;0.0;0.0;4973.5;0.0
-2;1274.0;4970;23;0.0;0.0;0.0;0.0;4976;1;4977.0;23.0;0.0;0.0;4973.0;0.0
-2;1275.0;4970;2;4969.0;24.0;0.0;0.0;4976;24;0.0;0.0;0.0;0.0;4973.0;0.0
-2;1276.0;4969;24;0.0;0.0;0.0;0.0;4974;2;4976.0;24.0;0.0;0.0;4971.5;0.0
-2;1277.0;4968;21;0.0;0.0;0.0;0.0;4971;3;4975.0;22.0;0.0;0.0;4969.5;0.0
-2;1278.0;4968;26;0.0;0.0;0.0;0.0;4973;7;4975.0;26.0;0.0;0.0;4970.5;0.0
-2;1279.0;4969;2;4968.0;22.0;0.0;0.0;4973;1;4975.0;24.0;0.0;0.0;4971.0;0.0
-2;1280.0;4970;5;4969.0;28.0;0.0;0.0;4975;1;4976.0;27.0;0.0;0.0;4972.5;0.0
-2;1281.0;4969;2;4968.0;25.0;0.0;0.0;4975;27;0.0;0.0;0.0;0.0;4972.0;0.0
-2;1282.0;4970;6;4969.0;26.0;0.0;0.0;4976;26;0.0;0.0;0.0;0.0;4973.0;0.0
-2;1283.0;4968;22;0.0;0.0;0.0;0.0;4975;22;0.0;0.0;0.0;0.0;4971.5;0.0
-2;1284.0;4968;22;0.0;0.0;0.0;0.0;4973;6;4975.0;22.0;0.0;0.0;4970.5;0.0
-2;1285.0;4968;31;0.0;0.0;0.0;0.0;4969;9;4974.0;1.0;4975.0;30.0;4968.5;0.0
-2;1286.0;4968;28;0.0;0.0;0.0;0.0;4975;28;0.0;0.0;0.0;0.0;4971.5;0.0
-2;1287.0;4969;5;4968.0;29.0;0.0;0.0;4975;31;0.0;0.0;0.0;0.0;4972.0;0.0
-2;1288.0;4969;29;0.0;0.0;0.0;0.0;4974;2;4975.0;1.0;4976.0;28.0;4971.5;0.0
-2;1289.0;4975;1;4969.0;24.0;0.0;0.0;4976;24;0.0;0.0;0.0;0.0;4975.5;0.0
-2;1290.0;4974;3;4969.0;25.0;0.0;0.0;4976;25;0.0;0.0;0.0;0.0;4975.0;0.0
-2;1291.0;4971;5;4970.0;22.0;0.0;0.0;4977;22;0.0;0.0;0.0;0.0;4974.0;0.0
-2;1292.0;4969;29;0.0;0.0;0.0;0.0;4976;29;0.0;0.0;0.0;0.0;4972.5;0.0
-2;1293.0;4969;30;0.0;0.0;0.0;0.0;4976;30;0.0;0.0;0.0;0.0;4972.5;0.0
-2;1294.0;4969;28;0.0;0.0;0.0;0.0;4975;2;4976.0;26.0;0.0;0.0;4972.0;0.0
-2;1295.0;4969;24;0.0;0.0;0.0;0.0;4976;24;0.0;0.0;0.0;0.0;4972.5;0.0
-2;1296.0;4970;1;4969.0;25.0;0.0;0.0;4976;25;0.0;0.0;0.0;0.0;4973.0;0.0
-2;1297.0;4969;29;0.0;0.0;0.0;0.0;4974;6;4976.0;29.0;0.0;0.0;4971.5;0.0
-2;1298.0;4970;19;0.0;0.0;0.0;0.0;4976;20;0.0;0.0;0.0;0.0;4973.0;0.0
-2;1299.0;4971;1;4970.0;21.0;0.0;0.0;4977;21;0.0;0.0;0.0;0.0;4974.0;0.0
-2;1300.0;4970;27;0.0;0.0;0.0;0.0;4977;27;0.0;0.0;0.0;0.0;4973.5;0.0
-2;1301.0;4970;23;0.0;0.0;0.0;0.0;4976;1;4977.0;22.0;0.0;0.0;4973.0;0.0
-2;1302.0;4970;31;0.0;0.0;0.0;0.0;4977;31;0.0;0.0;0.0;0.0;4973.5;0.0
-2;1303.0;4970;24;0.0;0.0;0.0;0.0;4976;2;4977.0;23.0;0.0;0.0;4973.0;0.0
-2;1304.0;4970;29;0.0;0.0;0.0;0.0;4977;30;0.0;0.0;0.0;0.0;4973.5;0.0
-2;1305.0;4969;26;0.0;0.0;0.0;0.0;4972;3;4976.0;27.0;0.0;0.0;4970.5;0.0
-2;1306.0;4969;31;0.0;0.0;0.0;0.0;4976;31;0.0;0.0;0.0;0.0;4972.5;0.0
-2;1307.0;4974;1;4969.0;25.0;0.0;0.0;4975;25;0.0;0.0;0.0;0.0;4974.5;0.0
-2;1308.0;4969;25;0.0;0.0;0.0;0.0;4976;25;0.0;0.0;0.0;0.0;4972.5;0.0
-2;1309.0;4969;24;0.0;0.0;0.0;0.0;4973;5;4975.0;24.0;0.0;0.0;4971.0;0.0
-2;1310.0;4969;31;0.0;0.0;0.0;0.0;4975;2;4976.0;29.0;0.0;0.0;4972.0;0.0
-2;1311.0;4968;27;0.0;0.0;0.0;0.0;4973;7;4975.0;27.0;0.0;0.0;4970.5;0.0
-2;1312.0;4968;24;0.0;0.0;0.0;0.0;4969;1;4970.0;5.0;4971.0;2.0;4968.5;0.0
-2;1313.0;4969;29;0.0;0.0;0.0;0.0;4976;29;0.0;0.0;0.0;0.0;4972.5;0.0
-2;1314.0;4969;1;4968.0;26.0;0.0;0.0;4975;27;0.0;0.0;0.0;0.0;4972.0;0.0
-2;1315.0;4969;30;0.0;0.0;0.0;0.0;4976;30;0.0;0.0;0.0;0.0;4972.5;0.0
-2;1316.0;4969;22;0.0;0.0;0.0;0.0;4975;22;0.0;0.0;0.0;0.0;4972.0;0.0
-2;1317.0;4968;20;0.0;0.0;0.0;0.0;4973;5;4975.0;20.0;0.0;0.0;4970.5;0.0
-2;1318.0;4968;2;4967.0;22.0;0.0;0.0;4974;24;0.0;0.0;0.0;0.0;4971.0;0.0
-2;1319.0;4968;30;0.0;0.0;0.0;0.0;4975;30;0.0;0.0;0.0;0.0;4971.5;0.0
-2;1320.0;4968;23;0.0;0.0;0.0;0.0;4975;23;0.0;0.0;0.0;0.0;4971.5;0.0
-2;1321.0;4968;25;0.0;0.0;0.0;0.0;4975;25;0.0;0.0;0.0;0.0;4971.5;0.0
-2;1322.0;4968;30;0.0;0.0;0.0;0.0;4969;7;4975.0;30.0;0.0;0.0;4968.5;0.0
-2;1323.0;4968;2;4967.0;20.0;0.0;0.0;4974;22;0.0;0.0;0.0;0.0;4971.0;0.0
-2;1324.0;4971;4;4968.0;27.0;0.0;0.0;4975;27;0.0;0.0;0.0;0.0;4973.0;0.0
-2;1325.0;4969;25;0.0;0.0;0.0;0.0;4976;25;0.0;0.0;0.0;0.0;4972.5;0.0
-2;1326.0;4968;31;0.0;0.0;0.0;0.0;4975;31;0.0;0.0;0.0;0.0;4971.5;0.0
-2;1327.0;4968;25;0.0;0.0;0.0;0.0;4973;7;4974.0;2.0;4975.0;23.0;4970.5;0.0
-2;1328.0;4967;24;0.0;0.0;0.0;0.0;4968;3;4973.0;1.0;4974.0;23.0;4967.5;0.0
-2;1329.0;4968;1;4967.0;21.0;0.0;0.0;4974;22;0.0;0.0;0.0;0.0;4971.0;0.0
-2;1330.0;4968;26;0.0;0.0;0.0;0.0;4975;26;0.0;0.0;0.0;0.0;4971.5;0.0
-2;1331.0;4969;22;0.0;0.0;0.0;0.0;4975;1;4976.0;21.0;0.0;0.0;4972.0;0.0
-2;1332.0;4969;30;0.0;0.0;0.0;0.0;4975;1;4976.0;29.0;0.0;0.0;4972.0;0.0
-2;1333.0;4968;26;0.0;0.0;0.0;0.0;4975;26;0.0;0.0;0.0;0.0;4971.5;0.0
-2;1334.0;4968;25;0.0;0.0;0.0;0.0;4973;5;4975.0;25.0;0.0;0.0;4970.5;0.0
-2;1335.0;4968;22;0.0;0.0;0.0;0.0;4975;22;0.0;0.0;0.0;0.0;4971.5;0.0
-2;1336.0;4968;20;0.0;0.0;0.0;0.0;4975;20;0.0;0.0;0.0;0.0;4971.5;0.0
-2;1337.0;4968;5;4967.0;26.0;0.0;0.0;4974;26;0.0;0.0;0.0;0.0;4971.0;0.0
-2;1338.0;4967;29;0.0;0.0;0.0;0.0;4974;29;0.0;0.0;0.0;0.0;4970.5;0.0
-2;1339.0;4967;26;0.0;0.0;0.0;0.0;4974;26;0.0;0.0;0.0;0.0;4970.5;0.0
-2;1340.0;4968;2;4967.0;25.0;0.0;0.0;4974;27;0.0;0.0;0.0;0.0;4971.0;0.0
-2;1341.0;4968;29;0.0;0.0;0.0;0.0;4975;29;0.0;0.0;0.0;0.0;4971.5;0.0
-2;1342.0;4973;9;4968.0;29.0;0.0;0.0;4975;29;0.0;0.0;0.0;0.0;4974.0;0.0
-2;1343.0;4968;27;0.0;0.0;0.0;0.0;4969;2;4975.0;27.0;0.0;0.0;4968.5;0.0
-2;1344.0;4973;1;4968.0;27.0;0.0;0.0;4974;27;0.0;0.0;0.0;0.0;4973.5;0.0
-2;1345.0;4967;26;0.0;0.0;0.0;0.0;4974;26;0.0;0.0;0.0;0.0;4970.5;0.0
-2;1346.0;4967;26;0.0;0.0;0.0;0.0;4974;26;0.0;0.0;0.0;0.0;4970.5;0.0
-2;1347.0;4967;26;0.0;0.0;0.0;0.0;4974;26;0.0;0.0;0.0;0.0;4970.5;0.0
-2;1348.0;4968;5;4967.0;31.0;0.0;0.0;4974;31;0.0;0.0;0.0;0.0;4971.0;0.0
-2;1349.0;4968;2;4967.0;21.0;0.0;0.0;4972;8;4974.0;23.0;0.0;0.0;4970.0;0.0
-2;1350.0;4968;1;4967.0;28.0;0.0;0.0;4974;29;0.0;0.0;0.0;0.0;4971.0;0.0
-2;1351.0;4967;22;0.0;0.0;0.0;0.0;4974;22;0.0;0.0;0.0;0.0;4970.5;0.0
-2;1352.0;4967;26;0.0;0.0;0.0;0.0;4974;26;0.0;0.0;0.0;0.0;4970.5;0.0
-2;1353.0;4967;23;0.0;0.0;0.0;0.0;4974;23;0.0;0.0;0.0;0.0;4970.5;0.0
-2;1354.0;4966;26;0.0;0.0;0.0;0.0;4967;1;4973.0;26.0;0.0;0.0;4966.5;0.0
-2;1355.0;4967;21;0.0;0.0;0.0;0.0;4974;21;0.0;0.0;0.0;0.0;4970.5;0.0
-2;1356.0;4967;25;0.0;0.0;0.0;0.0;4974;25;0.0;0.0;0.0;0.0;4970.5;0.0
-2;1357.0;4967;24;0.0;0.0;0.0;0.0;4974;25;0.0;0.0;0.0;0.0;4970.5;0.0
-2;1358.0;4967;26;0.0;0.0;0.0;0.0;4972;1;4974.0;26.0;0.0;0.0;4969.5;0.0
-2;1359.0;4967;26;0.0;0.0;0.0;0.0;4974;26;0.0;0.0;0.0;0.0;4970.5;0.0
-2;1360.0;4968;24;0.0;0.0;0.0;0.0;4974;24;0.0;0.0;0.0;0.0;4971.0;0.0
-2;1361.0;4968;1;4967.0;28.0;0.0;0.0;4972;3;4974.0;29.0;0.0;0.0;4970.0;0.0
-2;1362.0;4968;28;0.0;0.0;0.0;0.0;4973;4;4974.0;1.0;4975.0;27.0;4970.5;0.0
-2;1363.0;4967;20;0.0;0.0;0.0;0.0;4974;20;0.0;0.0;0.0;0.0;4970.5;0.0
-2;1364.0;4969;2;4968.0;25.0;0.0;0.0;4975;25;0.0;0.0;0.0;0.0;4972.0;0.0
-2;1365.0;4969;8;4968.0;25.0;0.0;0.0;4975;25;0.0;0.0;0.0;0.0;4972.0;0.0
-2;1366.0;4968;25;0.0;0.0;0.0;0.0;4975;26;0.0;0.0;0.0;0.0;4971.5;0.0
-2;1367.0;4967;29;0.0;0.0;0.0;0.0;4974;29;0.0;0.0;0.0;0.0;4970.5;0.0
-2;1368.0;4967;29;0.0;0.0;0.0;0.0;4974;29;0.0;0.0;0.0;0.0;4970.5;0.0
-2;1369.0;4968;1;4967.0;22.0;0.0;0.0;4972;8;4974.0;23.0;0.0;0.0;4970.0;0.0
-2;1370.0;4969;2;4968.0;26.0;0.0;0.0;4975;26;0.0;0.0;0.0;0.0;4972.0;0.0
-2;1371.0;4968;2;4967.0;26.0;0.0;0.0;4974;28;0.0;0.0;0.0;0.0;4971.0;0.0
-2;1372.0;4968;31;0.0;0.0;0.0;0.0;4973;5;4975.0;31.0;0.0;0.0;4970.5;0.0
-2;1373.0;4969;22;0.0;0.0;0.0;0.0;4972;3;4974.0;3.0;4976.0;22.0;4970.5;0.0
-2;1374.0;4973;2;4969.0;1.0;4968.0;30.0;4975;31;0.0;0.0;0.0;0.0;4974.0;0.0
-2;1375.0;4969;24;0.0;0.0;0.0;0.0;4975;24;0.0;0.0;0.0;0.0;4972.0;0.0
-2;1376.0;4974;1;4968.0;25.0;0.0;0.0;4975;25;0.0;0.0;0.0;0.0;4974.5;0.0
-2;1377.0;4968;25;0.0;0.0;0.0;0.0;4975;25;0.0;0.0;0.0;0.0;4971.5;0.0
-2;1378.0;4968;1;4967.0;28.0;0.0;0.0;4974;29;0.0;0.0;0.0;0.0;4971.0;0.0
-2;1379.0;4968;30;0.0;0.0;0.0;0.0;4974;2;4975.0;28.0;0.0;0.0;4971.0;0.0
-2;1380.0;4967;27;0.0;0.0;0.0;0.0;4974;27;0.0;0.0;0.0;0.0;4970.5;0.0
-2;1381.0;4967;26;0.0;0.0;0.0;0.0;4973;2;4974.0;24.0;0.0;0.0;4970.0;0.0
-2;1382.0;4967;32;0.0;0.0;0.0;0.0;4974;32;0.0;0.0;0.0;0.0;4970.5;0.0
-2;1383.0;4967;31;0.0;0.0;0.0;0.0;4974;31;0.0;0.0;0.0;0.0;4970.5;0.0
-2;1384.0;4973;1;4967.0;32.0;0.0;0.0;4974;32;0.0;0.0;0.0;0.0;4973.5;0.0
-2;1385.0;4967;25;0.0;0.0;0.0;0.0;4973;1;4974.0;24.0;0.0;0.0;4970.0;0.0
-2;1386.0;4967;2;4966.0;29.0;0.0;0.0;4971;6;4973.0;31.0;0.0;0.0;4969.0;0.0
-2;1387.0;4967;1;4966.0;23.0;0.0;0.0;4971;2;4973.0;24.0;0.0;0.0;4969.0;0.0
-2;1388.0;4966;22;0.0;0.0;0.0;0.0;4971;3;4973.0;22.0;0.0;0.0;4968.5;0.0
-2;1389.0;4972;1;4967.0;5.0;4966.0;29.0;4973;31;0.0;0.0;0.0;0.0;4972.5;0.0
-2;1390.0;4967;22;0.0;0.0;0.0;0.0;4974;22;0.0;0.0;0.0;0.0;4970.5;0.0
-2;1391.0;4973;1;4968.0;4.0;4967.0;20.0;4974;20;0.0;0.0;0.0;0.0;4973.5;0.0
-2;1392.0;4967;1;4966.0;23.0;0.0;0.0;4973;24;0.0;0.0;0.0;0.0;4970.0;0.0
-2;1393.0;4966;26;0.0;0.0;0.0;0.0;4971;5;4973.0;26.0;0.0;0.0;4968.5;0.0
-2;1394.0;4966;30;0.0;0.0;0.0;0.0;4973;30;0.0;0.0;0.0;0.0;4969.5;0.0
-2;1395.0;4967;1;4966.0;21.0;0.0;0.0;4973;22;0.0;0.0;0.0;0.0;4970.0;0.0
-2;1396.0;4972;1;4967.0;5.0;4966.0;21.0;4973;21;0.0;0.0;0.0;0.0;4972.5;0.0
-2;1397.0;4966;23;0.0;0.0;0.0;0.0;4973;23;0.0;0.0;0.0;0.0;4969.5;0.0
-2;1398.0;4966;30;0.0;0.0;0.0;0.0;4973;30;0.0;0.0;0.0;0.0;4969.5;0.0
-2;1399.0;4967;8;4966.0;27.0;0.0;0.0;4972;1;4973.0;26.0;0.0;0.0;4969.5;0.0
-2;1400.0;4965;25;0.0;0.0;0.0;0.0;4972;25;0.0;0.0;0.0;0.0;4968.5;0.0
-2;1401.0;4965;26;0.0;0.0;0.0;0.0;4972;26;0.0;0.0;0.0;0.0;4968.5;0.0
-2;1402.0;4966;1;4965.0;27.0;0.0;0.0;4972;28;0.0;0.0;0.0;0.0;4969.0;0.0
-2;1403.0;4966;23;0.0;0.0;0.0;0.0;4972;1;4973.0;22.0;0.0;0.0;4969.0;0.0
-2;1404.0;4966;1;4965.0;24.0;0.0;0.0;4972;25;0.0;0.0;0.0;0.0;4969.0;0.0
-2;1405.0;4966;29;0.0;0.0;0.0;0.0;4971;4;4973.0;29.0;0.0;0.0;4968.5;0.0
-2;1406.0;4965;28;0.0;0.0;0.0;0.0;4972;28;0.0;0.0;0.0;0.0;4968.5;0.0
-2;1407.0;4966;2;4965.0;28.0;0.0;0.0;4972;30;0.0;0.0;0.0;0.0;4969.0;0.0
-2;1408.0;4971;1;4967.0;4.0;4966.0;29.0;4973;29;0.0;0.0;0.0;0.0;4972.0;0.0
-2;1409.0;4967;3;4966.0;29.0;0.0;0.0;4972;2;4973.0;27.0;0.0;0.0;4969.5;0.0
-2;1410.0;4965;21;0.0;0.0;0.0;0.0;4972;22;0.0;0.0;0.0;0.0;4968.5;0.0
-2;1411.0;4966;30;0.0;0.0;0.0;0.0;4972;1;4973.0;29.0;0.0;0.0;4969.0;0.0
-2;1412.0;4965;2;4964.0;21.0;0.0;0.0;4969;5;4971.0;23.0;0.0;0.0;4967.0;0.0
