day;timestamp;buyer;seller;currency;price;quantity
0;20006.0;Vinnie;Remy;SEASHELLS;3999.0;10
0;20029.0;Remy;Vinnie;SEASHELLS;4001.0;10
0;20033.0;Remy;Vinnie;SEASHELLS;4002.0;5
0;20034.0;Remy;Vinnie;SEASHELLS;4001.0;8
0;20036.0;Vinnie;Vladimir;SEASHELLS;4000.0;7
0;20045.0;Vinnie;Remy;SEASHELLS;3999.0;9
0;20047.0;Vinnie;Remy;SEASHELLS;4000.0;7
0;20057.0;Vinnie;Vladimir;SEASHELLS;3998.0;8
0;20059.0;Remy;Vinnie;SEASHELLS;4000.0;4
0;20069.0;Vinnie;Remy;SEASHELLS;3999.0;7
0;20073.0;Vinnie;Remy;SEASHELLS;3999.0;4
0;20087.0;Remy;Vinnie;SEASHELLS;4003.0;4
0;20098.0;Remy;Vinnie;SEASHELLS;4004.0;5
0;20117.0;Remy;Vinnie;SEASHELLS;4001.0;9
0;20123.0;Vinnie;Vladimir;SEASHELLS;4001.0;5
0;20125.0;Vinnie;Vladimir;SEASHELLS;4001.0;9
0;20143.0;Remy;Vinnie;SEASHELLS;3999.0;9
0;20145.0;Remy;Vinnie;SEASHELLS;4000.0;7
0;20151.0;Remy;Vinnie;SEASHELLS;3999.0;6
0;20151.0;Vinnie;Vladimir;SEASHELLS;3997.0;5
0;20158.0;Vinnie;Remy;SEASHELLS;3996.0;7
0;20159.0;Vinnie;Vladimir;SEASHELLS;3997.0;5
0;20165.0;Vinnie;Remy;SEASHELLS;3997.0;9
0;20176.0;Vinnie;Vladimir;SEASHELLS;3998.0;6
0;20189.0;Remy;Vinnie;SEASHELLS;3999.0;6
0;20199.0;Vinnie;Remy;SEASHELLS;3999.0;9
0;20201.0;Vinnie;Remy;SEASHELLS;3999.0;9
0;20203.0;Vinnie;Remy;SEASHELLS;3999.0;9
0;20255.0;Remy;Vinnie;SEASHELLS;4001.0;7
0;20257.0;Remy;Vinnie;SEASHELLS;4001.0;9
0;20258.0;Remy;Vinnie;SEASHELLS;4002.0;5
0;20265.0;Vinnie;Remy;SEASHELLS;4000.0;8
0;20272.0;Vinnie;Remy;SEASHELLS;4001.0;8
0;20292.0;Remy;Vinnie;SEASHELLS;4000.0;9
0;20297.0;Vinnie;Vladimir;SEASHELLS;3998.0;7
0;20298.0;Remy;Vinnie;SEASHELLS;4000.0;7
0;20299.0;Vinnie;Remy;SEASHELLS;3998.0;10
0;20301.0;Remy;Vinnie;SEASHELLS;3999.0;6
0;20303.0;Remy;Vinnie;SEASHELLS;3999.0;6
0;20305.0;Vinnie;Remy;SEASHELLS;3997.0;5
0;20306.0;Vinnie;Remy;SEASHELLS;3997.0;4
0;20338.0;Remy;Vinnie;SEASHELLS;3998.0;6
0;20339.0;Vinnie;Remy;SEASHELLS;3997.0;6
0;20340.0;Vinnie;Vladimir;SEASHELLS;3996.0;5
0;20346.0;Vinnie;Remy;SEASHELLS;3996.0;9
0;20353.0;Remy;Vinnie;SEASHELLS;3997.0;6
0;20355.0;Remy;Vinnie;SEASHELLS;3998.0;4
0;20356.0;Vinnie;Remy;SEASHELLS;3996.0;6
0;20357.0;Vinnie;Vladimir;SEASHELLS;3996.0;11
0;20361.0;Remy;Vinnie;SEASHELLS;3997.0;7
0;20370.0;Remy;Vinnie;SEASHELLS;3996.0;8
0;20371.0;Remy;Vinnie;SEASHELLS;3996.0;6
0;20386.0;Remy;Vinnie;SEASHELLS;3997.0;4
0;20403.0;Vinnie;Vladimir;SEASHELLS;3999.0;11
0;20405.0;Remy;Vinnie;SEASHELLS;4000.0;4
0;20411.0;Remy;Vinnie;SEASHELLS;3999.0;5
0;20417.0;Remy;Vinnie;SEASHELLS;3998.0;8
0;20418.0;Vinnie;Vladimir;SEASHELLS;3997.0;4
0;20419.0;Vinnie;Vladimir;SEASHELLS;3997.0;7
0;20443.0;Vinnie;Remy;SEASHELLS;3994.0;9
0;20463.0;Vinnie;Remy;SEASHELLS;3994.0;4
0;20486.0;Vinnie;Remy;SEASHELLS;3994.0;9
0;20488.0;Remy;Vinnie;SEASHELLS;3995.0;6
0;20496.0;Vinnie;Remy;SEASHELLS;3992.0;8
0;20499.0;Remy;Vinnie;SEASHELLS;3994.0;4
0;20503.0;Vinnie;Vladimir;SEASHELLS;3992.0;10
0;20524.0;Vinnie;Remy;SEASHELLS;3990.0;6
0;20535.0;Vinnie;Vladimir;SEASHELLS;3989.0;11
0;20551.0;Remy;Vinnie;SEASHELLS;3989.0;5
0;20574.0;Vinnie;Remy;SEASHELLS;3987.0;8
0;20575.0;Vinnie;Vladimir;SEASHELLS;3987.0;8
0;20587.0;Remy;Vinnie;SEASHELLS;3989.0;9
0;20589.0;Remy;Vinnie;SEASHELLS;3990.0;4
0;20590.0;Vinnie;Vladimir;SEASHELLS;3989.0;9
0;20597.0;Vinnie;Remy;SEASHELLS;3990.0;10
0;20599.0;Remy;Vinnie;SEASHELLS;3991.0;10
0;20608.0;Vinnie;Remy;SEASHELLS;3991.0;4
0;20617.0;Remy;Vinnie;SEASHELLS;3991.0;6
0;20622.0;Vinnie;Vladimir;SEASHELLS;3991.0;10
0;20629.0;Vinnie;Vladimir;SEASHELLS;3991.0;4
0;20636.0;Vinnie;Remy;SEASHELLS;3989.0;4
0;20647.0;Vinnie;Remy;SEASHELLS;3987.0;10
0;20662.0;Vinnie;Remy;SEASHELLS;3986.0;7
0;20667.0;Vinnie;Vladimir;SEASHELLS;3987.0;9
0;20672.0;Remy;Vinnie;SEASHELLS;3988.0;7
0;20686.0;Vinnie;Vladimir;SEASHELLS;3987.0;6
0;20691.0;Vinnie;Remy;SEASHELLS;3986.0;4
0;20698.0;Vinnie;Vladimir;SEASHELLS;3987.0;11
0;20701.0;Vinnie;Remy;SEASHELLS;3987.0;8
0;20711.0;Vinnie;Vladimir;SEASHELLS;3988.0;8
0;20713.0;Vinnie;Remy;SEASHELLS;3987.0;8
0;20723.0;Remy;Vinnie;SEASHELLS;3990.0;10
0;20728.0;Vinnie;Remy;SEASHELLS;3987.0;5
0;20761.0;Vinnie;Vladimir;SEASHELLS;3986.0;10
0;20771.0;Vinnie;Remy;SEASHELLS;3986.0;8
0;20782.0;Vinnie;Remy;SEASHELLS;3985.0;9
0;20790.0;Vinnie;Vladimir;SEASHELLS;3986.0;10
0;20805.0;Vinnie;Remy;SEASHELLS;3986.0;6
0;20806.0;Vinnie;Vladimir;SEASHELLS;3986.0;4
0;20810.0;Remy;Vinnie;SEASHELLS;3986.0;8
0;20825.0;Vinnie;Vladimir;SEASHELLS;3984.0;11
0;20836.0;Vinnie;Vladimir;SEASHELLS;3984.0;3
0;20856.0;Remy;Vinnie;SEASHELLS;3984.0;6
0;20860.0;Remy;Vinnie;SEASHELLS;3984.0;5
0;20874.0;Vinnie;Vladimir;SEASHELLS;3983.0;3
0;20877.0;Vinnie;Vladimir;SEASHELLS;3984.0;10
0;20903.0;Remy;Vinnie;SEASHELLS;3987.0;9
0;20917.0;Vinnie;Remy;SEASHELLS;3986.0;6
0;20919.0;Vinnie;Remy;SEASHELLS;3986.0;9
0;20945.0;Vinnie;Remy;SEASHELLS;3989.0;4
0;20947.0;Vinnie;Vladimir;SEASHELLS;3989.0;7
0;20948.0;Remy;Vinnie;SEASHELLS;3991.0;5
0;20952.0;Vinnie;Vladimir;SEASHELLS;3990.0;12
0;20974.0;Vinnie;Vladimir;SEASHELLS;3993.0;11
0;20975.0;Vinnie;Vladimir;SEASHELLS;3993.0;7
0;20977.0;Remy;Vinnie;SEASHELLS;3995.0;7
0;20983.0;Remy;Vinnie;SEASHELLS;3995.0;8
0;20991.0;Vinnie;Remy;SEASHELLS;3994.0;5
0;21008.0;Remy;Vinnie;SEASHELLS;3999.0;10
0;21012.0;Vinnie;Remy;SEASHELLS;4000.0;9
0;21016.0;Vinnie;Vladimir;SEASHELLS;4000.0;9
0;21020.0;Remy;Vinnie;SEASHELLS;3998.0;9
0;21033.0;Vinnie;Vladimir;SEASHELLS;3996.0;9
0;21037.0;Remy;Vinnie;SEASHELLS;3998.0;4
0;21045.0;Vinnie;Vladimir;SEASHELLS;3998.0;8
0;21046.0;Remy;Vinnie;SEASHELLS;4000.0;6
0;21050.0;Remy;Vinnie;SEASHELLS;3998.0;5
0;21064.0;Vinnie;Vladimir;SEASHELLS;3999.0;6
0;21073.0;Remy;Vinnie;SEASHELLS;4000.0;5
0;21084.0;Vinnie;Vladimir;SEASHELLS;3999.0;12
0;21092.0;Vinnie;Remy;SEASHELLS;3999.0;7
0;21110.0;Vinnie;Remy;SEASHELLS;4000.0;9
0;21115.0;Vinnie;Remy;SEASHELLS;4000.0;7
0;21120.0;Vinnie;Remy;SEASHELLS;4001.0;10
0;21129.0;Vinnie;Remy;SEASHELLS;4000.0;10
0;21134.0;Vinnie;Remy;SEASHELLS;4002.0;9
0;21142.0;Vinnie;Vladimir;SEASHELLS;4003.0;4
0;21175.0;Vinnie;Remy;SEASHELLS;4005.0;10
0;21176.0;Remy;Vinnie;SEASHELLS;4006.0;9
0;21198.0;Remy;Vinnie;SEASHELLS;4007.0;8
0;21204.0;Remy;Vinnie;SEASHELLS;4005.0;5
0;21211.0;Remy;Vinnie;SEASHELLS;4003.0;5
0;21216.0;Vinnie;Remy;SEASHELLS;4001.0;4
0;21260.0;Vinnie;Vladimir;SEASHELLS;3998.0;11
0;21263.0;Vinnie;Vladimir;SEASHELLS;3998.0;6
0;21265.0;Remy;Vinnie;SEASHELLS;4000.0;9
0;21267.0;Vinnie;Remy;SEASHELLS;3998.0;8
0;21269.0;Remy;Vinnie;SEASHELLS;3999.0;7
0;21286.0;Vinnie;Remy;SEASHELLS;3997.0;6
0;21292.0;Vinnie;Vladimir;SEASHELLS;3998.0;7
0;21305.0;Remy;Vinnie;SEASHELLS;4000.0;7
0;21319.0;Vinnie;Vladimir;SEASHELLS;3997.0;3
0;21319.0;Remy;Vinnie;SEASHELLS;3998.0;8
0;21321.0;Vinnie;Vladimir;SEASHELLS;3997.0;12
0;21331.0;Remy;Vinnie;SEASHELLS;4000.0;8
0;21335.0;Vinnie;Vladimir;SEASHELLS;4000.0;3
0;21336.0;Vinnie;Remy;SEASHELLS;3999.0;4
0;21348.0;Vinnie;Remy;SEASHELLS;3999.0;8
0;21350.0;Vinnie;Remy;SEASHELLS;3999.0;6
0;21353.0;Vinnie;Remy;SEASHELLS;3999.0;4
0;21363.0;Remy;Vinnie;SEASHELLS;4002.0;9
0;21364.0;Vinnie;Vladimir;SEASHELLS;4001.0;4
0;21375.0;Vinnie;Remy;SEASHELLS;4001.0;6
0;21386.0;Remy;Vinnie;SEASHELLS;4002.0;8
0;21414.0;Vinnie;Remy;SEASHELLS;3999.0;5
0;21421.0;Vinnie;Remy;SEASHELLS;3998.0;4
0;21433.0;Vinnie;Vladimir;SEASHELLS;3997.0;5
0;21443.0;Remy;Vinnie;SEASHELLS;3998.0;9
0;21444.0;Vinnie;Remy;SEASHELLS;3997.0;9
0;21459.0;Remy;Vinnie;SEASHELLS;3998.0;4
0;21464.0;Remy;Vinnie;SEASHELLS;3999.0;8
0;21468.0;Vinnie;Vladimir;SEASHELLS;3997.0;4
0;21477.0;Remy;Vinnie;SEASHELLS;3999.0;6
0;21479.0;Vinnie;Remy;SEASHELLS;3997.0;5
0;21491.0;Remy;Vinnie;SEASHELLS;4000.0;6
0;21493.0;Vinnie;Remy;SEASHELLS;3998.0;10
0;21508.0;Remy;Vinnie;SEASHELLS;3999.0;9
0;21532.0;Remy;Vinnie;SEASHELLS;4000.0;10
0;21542.0;Remy;Vinnie;SEASHELLS;4001.0;10
0;21550.0;Vinnie;Remy;SEASHELLS;3998.0;5
0;21551.0;Vinnie;Remy;SEASHELLS;3998.0;5
0;21551.0;Vinnie;Vladimir;SEASHELLS;3998.0;10
0;21556.0;Vinnie;Vladimir;SEASHELLS;3998.0;11
0;21566.0;Vinnie;Remy;SEASHELLS;3998.0;9
0;21570.0;Vinnie;Remy;SEASHELLS;3997.0;9
0;21577.0;Vinnie;Remy;SEASHELLS;3995.0;7
0;21581.0;Vinnie;Remy;SEASHELLS;3993.0;9
0;21586.0;Vinnie;Vladimir;SEASHELLS;3992.0;11
0;21594.0;Vinnie;Remy;SEASHELLS;3993.0;6
0;21604.0;Vinnie;Vladimir;SEASHELLS;3993.0;12
0;21604.0;Vinnie;Remy;SEASHELLS;3993.0;10
0;21608.0;Vinnie;Vladimir;SEASHELLS;3994.0;11
0;21610.0;Remy;Vinnie;SEASHELLS;3996.0;5
0;21630.0;Vinnie;Vladimir;SEASHELLS;3996.0;7
0;21631.0;Vinnie;Vladimir;SEASHELLS;3996.0;4
0;21635.0;Vinnie;Vladimir;SEASHELLS;3996.0;8
0;21636.0;Remy;Vinnie;SEASHELLS;3997.0;6
0;21640.0;Vinnie;Vladimir;SEASHELLS;3996.0;3
0;21655.0;Vinnie;Vladimir;SEASHELLS;3996.0;6
0;21668.0;Vinnie;Vladimir;SEASHELLS;3997.0;11
0;21670.0;Vinnie;Remy;SEASHELLS;3997.0;7
0;21673.0;Vinnie;Remy;SEASHELLS;3996.0;5
0;21674.0;Vinnie;Remy;SEASHELLS;3996.0;8
0;21675.0;Vinnie;Vladimir;SEASHELLS;3995.0;11
0;21676.0;Remy;Vinnie;SEASHELLS;3997.0;6
0;21696.0;Vinnie;Remy;SEASHELLS;3996.0;6
0;21706.0;Vinnie;Vladimir;SEASHELLS;3995.0;5
0;21710.0;Remy;Vinnie;SEASHELLS;3994.0;4
0;21713.0;Vinnie;Remy;SEASHELLS;3993.0;7
0;21721.0;Vinnie;Vladimir;SEASHELLS;3994.0;10
0;21722.0;Remy;Vinnie;SEASHELLS;3996.0;10
0;21744.0;Vinnie;Remy;SEASHELLS;3994.0;4
0;21753.0;Remy;Vinnie;SEASHELLS;3995.0;6
0;21759.0;Vinnie;Remy;SEASHELLS;3993.0;5
0;21761.0;Vinnie;Remy;SEASHELLS;3994.0;4
0;21761.0;Vinnie;Vladimir;SEASHELLS;3994.0;10
0;21769.0;Vinnie;Remy;SEASHELLS;3996.0;6
0;21772.0;Vinnie;Remy;SEASHELLS;3995.0;5
0;21779.0;Vinnie;Remy;SEASHELLS;3996.0;5
0;21790.0;Vinnie;Vladimir;SEASHELLS;3996.0;6
0;21803.0;Remy;Vinnie;SEASHELLS;3997.0;4
0;21815.0;Vinnie;Vladimir;SEASHELLS;3997.0;11
0;21820.0;Vinnie;Remy;SEASHELLS;3996.0;9
0;21825.0;Remy;Vinnie;SEASHELLS;3998.0;8
0;21846.0;Remy;Vinnie;SEASHELLS;4001.0;10
0;21847.0;Vinnie;Remy;SEASHELLS;4000.0;5
0;21849.0;Remy;Vinnie;SEASHELLS;4001.0;4
0;21856.0;Vinnie;Remy;SEASHELLS;4000.0;4
0;21864.0;Vinnie;Vladimir;SEASHELLS;4001.0;6
0;21879.0;Vinnie;Remy;SEASHELLS;4001.0;8
0;21888.0;Remy;Vinnie;SEASHELLS;4002.0;7
0;21920.0;Vinnie;Vladimir;SEASHELLS;4001.0;9
0;21923.0;Remy;Vinnie;SEASHELLS;4002.0;10
0;21934.0;Vinnie;Vladimir;SEASHELLS;4003.0;10
0;21939.0;Remy;Vinnie;SEASHELLS;4003.0;8
0;21940.0;Vinnie;Vladimir;SEASHELLS;4002.0;9
0;21942.0;Vinnie;Remy;SEASHELLS;4002.0;4
0;21960.0;Vinnie;Vladimir;SEASHELLS;4002.0;6
0;21963.0;Vinnie;Remy;SEASHELLS;4002.0;10
0;21966.0;Vinnie;Remy;SEASHELLS;4003.0;10
0;21968.0;Vinnie;Vladimir;SEASHELLS;4003.0;8
0;21969.0;Remy;Vinnie;SEASHELLS;4004.0;5
0;21983.0;Vinnie;Remy;SEASHELLS;4003.0;10
0;22009.0;Remy;Vinnie;SEASHELLS;4005.0;4
0;22013.0;Remy;Vinnie;SEASHELLS;4005.0;4
0;22022.0;Vinnie;Vladimir;SEASHELLS;4004.0;11
0;22023.0;Remy;Vinnie;SEASHELLS;4005.0;5
0;22033.0;Remy;Vinnie;SEASHELLS;4004.0;8
0;22035.0;Remy;Vinnie;SEASHELLS;4004.0;9
0;22039.0;Vinnie;Vladimir;SEASHELLS;4003.0;7
0;22039.0;Vinnie;Remy;SEASHELLS;4003.0;5
0;22040.0;Vinnie;Remy;SEASHELLS;4004.0;7
0;22045.0;Vinnie;Vladimir;SEASHELLS;4004.0;4
0;22055.0;Remy;Vinnie;SEASHELLS;4005.0;9
0;22058.0;Remy;Vinnie;SEASHELLS;4005.0;6
0;22058.0;Vinnie;Vladimir;SEASHELLS;4003.0;8
0;22061.0;Vinnie;Remy;SEASHELLS;4004.0;6
0;22081.0;Remy;Vinnie;SEASHELLS;4004.0;10
0;22090.0;Vinnie;Vladimir;SEASHELLS;4003.0;9
0;22093.0;Vinnie;Vladimir;SEASHELLS;4004.0;12
0;22119.0;Vinnie;Remy;SEASHELLS;4004.0;7
0;22125.0;Remy;Vinnie;SEASHELLS;4006.0;4
0;22132.0;Remy;Vinnie;SEASHELLS;4007.0;10
0;22141.0;Remy;Vinnie;SEASHELLS;4009.0;10
0;22148.0;Remy;Vinnie;SEASHELLS;4008.0;10
0;22172.0;Vinnie;Vladimir;SEASHELLS;4005.0;12
0;22182.0;Remy;Vinnie;SEASHELLS;4006.0;6
0;22190.0;Vinnie;Vladimir;SEASHELLS;4004.0;11
0;22195.0;Remy;Vinnie;SEASHELLS;4004.0;8
0;22203.0;Vinnie;Remy;SEASHELLS;4002.0;6
0;22210.0;Vinnie;Vladimir;SEASHELLS;4001.0;6
0;22211.0;Remy;Vinnie;SEASHELLS;4002.0;6
0;22217.0;Vinnie;Vladimir;SEASHELLS;3999.0;6
0;22221.0;Vinnie;Remy;SEASHELLS;3999.0;4
0;22228.0;Vinnie;Remy;SEASHELLS;3999.0;8
0;22234.0;Vinnie;Vladimir;SEASHELLS;4001.0;12
0;22241.0;Vinnie;Vladimir;SEASHELLS;4001.0;6
0;22252.0;Remy;Vinnie;SEASHELLS;4003.0;8
0;22256.0;Remy;Vinnie;SEASHELLS;4002.0;5
0;22258.0;Remy;Vinnie;SEASHELLS;4003.0;10
0;22278.0;Vinnie;Remy;SEASHELLS;4000.0;4
0;22282.0;Vinnie;Vladimir;SEASHELLS;3999.0;4
0;22299.0;Remy;Vinnie;SEASHELLS;4000.0;8
0;22303.0;Vinnie;Remy;SEASHELLS;3998.0;7
0;22305.0;Vinnie;Remy;SEASHELLS;3998.0;6
0;22310.0;Vinnie;Vladimir;SEASHELLS;3998.0;10
0;22315.0;Vinnie;Remy;SEASHELLS;3998.0;5
0;22324.0;Vinnie;Vladimir;SEASHELLS;3996.0;6
0;22332.0;Vinnie;Remy;SEASHELLS;3995.0;10
0;22338.0;Vinnie;Remy;SEASHELLS;3994.0;6
0;22388.0;Remy;Vinnie;SEASHELLS;3998.0;8
0;22389.0;Vinnie;Vladimir;SEASHELLS;3997.0;12
0;22392.0;Vinnie;Vladimir;SEASHELLS;3996.0;4
0;22394.0;Remy;Vinnie;SEASHELLS;3997.0;9
0;22404.0;Vinnie;Vladimir;SEASHELLS;3997.0;9
0;22407.0;Vinnie;Vladimir;SEASHELLS;3998.0;3
0;22408.0;Remy;Vinnie;SEASHELLS;3999.0;6
0;22408.0;Vinnie;Vladimir;SEASHELLS;3998.0;5
0;22410.0;Vinnie;Vladimir;SEASHELLS;3998.0;11
0;22423.0;Vinnie;Vladimir;SEASHELLS;3998.0;4
0;22445.0;Vinnie;Remy;SEASHELLS;3997.0;8
0;22448.0;Vinnie;Remy;SEASHELLS;3997.0;6
0;22458.0;Remy;Vinnie;SEASHELLS;3998.0;9
0;22467.0;Vinnie;Remy;SEASHELLS;3998.0;7
0;22486.0;Remy;Vinnie;SEASHELLS;4001.0;10
0;22487.0;Vinnie;Remy;SEASHELLS;4000.0;7
0;22494.0;Vinnie;Vladimir;SEASHELLS;4002.0;5
0;22497.0;Vinnie;Vladimir;SEASHELLS;4001.0;9
0;22504.0;Remy;Vinnie;SEASHELLS;4003.0;5
0;22511.0;Vinnie;Remy;SEASHELLS;4003.0;6
0;22515.0;Vinnie;Vladimir;SEASHELLS;4003.0;9
0;22529.0;Vinnie;Vladimir;SEASHELLS;4004.0;6
0;22532.0;Vinnie;Vladimir;SEASHELLS;4003.0;6
0;22542.0;Remy;Vinnie;SEASHELLS;4003.0;9
0;22552.0;Vinnie;Vladimir;SEASHELLS;4002.0;9
0;22558.0;Vinnie;Remy;SEASHELLS;4003.0;9
0;22568.0;Remy;Vinnie;SEASHELLS;4004.0;5
0;22571.0;Remy;Vinnie;SEASHELLS;4004.0;6
0;22577.0;Remy;Vinnie;SEASHELLS;4004.0;10
0;22578.0;Remy;Vinnie;SEASHELLS;4004.0;5
0;22583.0;Vinnie;Vladimir;SEASHELLS;4002.0;10
0;22590.0;Vinnie;Vladimir;SEASHELLS;4003.0;11
0;22611.0;Remy;Vinnie;SEASHELLS;4005.0;6
0;22613.0;Vinnie;Vladimir;SEASHELLS;4004.0;11
0;22615.0;Remy;Vinnie;SEASHELLS;4005.0;6
0;22621.0;Vinnie;Remy;SEASHELLS;4003.0;9
0;22623.0;Remy;Vinnie;SEASHELLS;4005.0;4
0;22626.0;Vinnie;Remy;SEASHELLS;4004.0;8
0;22633.0;Vinnie;Remy;SEASHELLS;4004.0;9
0;22645.0;Remy;Vinnie;SEASHELLS;4005.0;9
0;22661.0;Remy;Vinnie;SEASHELLS;4005.0;10
0;22666.0;Vinnie;Vladimir;SEASHELLS;4003.0;4
0;22682.0;Vinnie;Vladimir;SEASHELLS;4003.0;12
0;22686.0;Remy;Vinnie;SEASHELLS;4003.0;7
0;22694.0;Vinnie;Remy;SEASHELLS;4002.0;5
0;22730.0;Vinnie;Remy;SEASHELLS;3998.0;6
0;22740.0;Vinnie;Remy;SEASHELLS;3998.0;9
0;22745.0;Vinnie;Remy;SEASHELLS;3998.0;8
0;22754.0;Vinnie;Vladimir;SEASHELLS;3999.0;9
0;22766.0;Vinnie;Remy;SEASHELLS;3999.0;10
0;22767.0;Vinnie;Remy;SEASHELLS;4000.0;10
0;22786.0;Remy;Vinnie;SEASHELLS;4000.0;4
0;22791.0;Remy;Vinnie;SEASHELLS;3999.0;10
0;22793.0;Vinnie;Vladimir;SEASHELLS;3998.0;4
0;22797.0;Vinnie;Remy;SEASHELLS;3997.0;9
0;22813.0;Vinnie;Vladimir;SEASHELLS;3995.0;11
0;22825.0;Remy;Vinnie;SEASHELLS;3996.0;8
0;22827.0;Vinnie;Remy;SEASHELLS;3994.0;6
0;22837.0;Remy;Vinnie;SEASHELLS;3996.0;5
0;22839.0;Remy;Vinnie;SEASHELLS;3996.0;8
0;22850.0;Vinnie;Remy;SEASHELLS;3994.0;4
0;22853.0;Vinnie;Vladimir;SEASHELLS;3994.0;11
0;22886.0;Vinnie;Remy;SEASHELLS;3992.0;7
0;22889.0;Remy;Vinnie;SEASHELLS;3994.0;5
0;22918.0;Vinnie;Vladimir;SEASHELLS;3988.0;12
0;22936.0;Vinnie;Remy;SEASHELLS;3987.0;8
0;22941.0;Remy;Vinnie;SEASHELLS;3989.0;5
0;22942.0;Remy;Vinnie;SEASHELLS;3989.0;7
0;22945.0;Remy;Vinnie;SEASHELLS;3989.0;10
0;22951.0;Vinnie;Vladimir;SEASHELLS;3988.0;3
0;22951.0;Remy;Vinnie;SEASHELLS;3989.0;6
0;22959.0;Remy;Vinnie;SEASHELLS;3989.0;9
0;22960.0;Vinnie;Remy;SEASHELLS;3987.0;9
0;22961.0;Vinnie;Vladimir;SEASHELLS;3988.0;12
0;22976.0;Vinnie;Remy;SEASHELLS;3987.0;8
0;22980.0;Remy;Vinnie;SEASHELLS;3987.0;5
0;22994.0;Vinnie;Remy;SEASHELLS;3985.0;7
0;23024.0;Vinnie;Vladimir;SEASHELLS;3985.0;6
0;23031.0;Vinnie;Remy;SEASHELLS;3985.0;10
0;23031.0;Vinnie;Vladimir;SEASHELLS;3985.0;9
0;23033.0;Remy;Vinnie;SEASHELLS;3986.0;7
0;23038.0;Remy;Vinnie;SEASHELLS;3986.0;7
0;23045.0;Vinnie;Remy;SEASHELLS;3984.0;5
0;23051.0;Vinnie;Vladimir;SEASHELLS;3984.0;8
0;23056.0;Vinnie;Remy;SEASHELLS;3984.0;8
0;23058.0;Remy;Vinnie;SEASHELLS;3985.0;6
0;23066.0;Remy;Vinnie;SEASHELLS;3988.0;5
0;23097.0;Remy;Vladimir;SEASHELLS;3988.0;7
0;23100.0;Remy;Vinnie;SEASHELLS;3987.0;8
0;23136.0;Vinnie;Vladimir;SEASHELLS;3989.0;7
0;23153.0;Remy;Vinnie;SEASHELLS;3992.0;5
0;23161.0;Remy;Vinnie;SEASHELLS;3993.0;4
0;23163.0;Vinnie;Vladimir;SEASHELLS;3993.0;8
0;23167.0;Vinnie;Remy;SEASHELLS;3993.0;4
0;23170.0;Vinnie;Remy;SEASHELLS;3992.0;6
0;23173.0;Remy;Vinnie;SEASHELLS;3994.0;10
0;23176.0;Vinnie;Remy;SEASHELLS;3992.0;5
0;23182.0;Vinnie;Remy;SEASHELLS;3992.0;8
0;23185.0;Remy;Vinnie;SEASHELLS;3994.0;6
0;23185.0;Vinnie;Vladimir;SEASHELLS;3993.0;5
0;23186.0;Vinnie;Remy;SEASHELLS;3993.0;9
0;23193.0;Remy;Vinnie;SEASHELLS;3996.0;10
0;23201.0;Vinnie;Remy;SEASHELLS;3996.0;5
0;23203.0;Vinnie;Remy;SEASHELLS;3996.0;4
0;23204.0;Vinnie;Remy;SEASHELLS;3996.0;7
0;23233.0;Remy;Vinnie;SEASHELLS;4001.0;8
0;23247.0;Vinnie;Vladimir;SEASHELLS;4000.0;7
0;23253.0;Vinnie;Remy;SEASHELLS;4001.0;5
0;23258.0;Vinnie;Vladimir;SEASHELLS;4000.0;9
0;23263.0;Vinnie;Remy;SEASHELLS;3999.0;9
0;23265.0;Vinnie;Remy;SEASHELLS;3999.0;10
0;23266.0;Vinnie;Remy;SEASHELLS;4000.0;8
0;23271.0;Vinnie;Vladimir;SEASHELLS;4000.0;11
0;23275.0;Vinnie;Vladimir;SEASHELLS;3999.0;4
0;23279.0;Vinnie;Remy;SEASHELLS;3998.0;6
0;23285.0;Remy;Vinnie;SEASHELLS;4001.0;9
0;23286.0;Remy;Vinnie;SEASHELLS;4001.0;10
0;23298.0;Remy;Vinnie;SEASHELLS;4002.0;7
0;23302.0;Vinnie;Remy;SEASHELLS;4000.0;10
0;23324.0;Vinnie;Vladimir;SEASHELLS;4005.0;12
0;23331.0;Vinnie;Vladimir;SEASHELLS;4006.0;9
0;23338.0;Vinnie;Remy;SEASHELLS;4005.0;8
0;23342.0;Remy;Vinnie;SEASHELLS;4006.0;4
0;23350.0;Vinnie;Remy;SEASHELLS;4005.0;7
0;23368.0;Remy;Vinnie;SEASHELLS;4007.0;8
0;23394.0;Remy;Vinnie;SEASHELLS;4011.0;4
0;23396.0;Vinnie;Remy;SEASHELLS;4009.0;5
0;23398.0;Vinnie;Vladimir;SEASHELLS;4011.0;9
0;23411.0;Vinnie;Remy;SEASHELLS;4010.0;6
0;23415.0;Vinnie;Remy;SEASHELLS;4011.0;8
0;23421.0;Vinnie;Remy;SEASHELLS;4011.0;7
0;23424.0;Vinnie;Vladimir;SEASHELLS;4011.0;6
0;23430.0;Vinnie;Remy;SEASHELLS;4012.0;6
0;23440.0;Vinnie;Remy;SEASHELLS;4013.0;4
0;23463.0;Remy;Vinnie;SEASHELLS;4012.0;7
0;23469.0;Vinnie;Vladimir;SEASHELLS;4010.0;5
0;23470.0;Remy;Vinnie;SEASHELLS;4012.0;4
0;23474.0;Vinnie;Remy;SEASHELLS;4009.0;9
0;23475.0;Remy;Vinnie;SEASHELLS;4011.0;5
0;23477.0;Vinnie;Vladimir;SEASHELLS;4009.0;4
0;23480.0;Vinnie;Remy;SEASHELLS;4009.0;6
0;23495.0;Remy;Vinnie;SEASHELLS;4011.0;4
0;23500.0;Remy;Vinnie;SEASHELLS;4012.0;7
0;23505.0;Vinnie;Remy;SEASHELLS;4010.0;6
0;23515.0;Vinnie;Remy;SEASHELLS;4012.0;6
0;23521.0;Vinnie;Remy;SEASHELLS;4013.0;8
0;23523.0;Vinnie;Remy;SEASHELLS;4014.0;10
0;23530.0;Vinnie;Remy;SEASHELLS;4013.0;5
0;23530.0;Vinnie;Vladimir;SEASHELLS;4013.0;10
0;23541.0;Vinnie;Remy;SEASHELLS;4013.0;4
0;23550.0;Vinnie;Vladimir;SEASHELLS;4013.0;11
0;23551.0;Remy;Vinnie;SEASHELLS;4014.0;9
0;23555.0;Vinnie;Vladimir;SEASHELLS;4013.0;5
0;23556.0;Remy;Vinnie;SEASHELLS;4015.0;5
0;23562.0;Vinnie;Vladimir;SEASHELLS;4014.0;10
0;23587.0;Vinnie;Vladimir;SEASHELLS;4015.0;4
0;23591.0;Vinnie;Vladimir;SEASHELLS;4015.0;6
0;23612.0;Vinnie;Remy;SEASHELLS;4017.0;5
0;23615.0;Vinnie;Remy;SEASHELLS;4017.0;6
0;23616.0;Remy;Vinnie;SEASHELLS;4019.0;10
0;23619.0;Vinnie;Remy;SEASHELLS;4017.0;6
0;23623.0;Vinnie;Vladimir;SEASHELLS;4017.0;11
0;23628.0;Vinnie;Remy;SEASHELLS;4017.0;7
0;23636.0;Vinnie;Remy;SEASHELLS;4017.0;4
0;23649.0;Vinnie;Vladimir;SEASHELLS;4015.0;5
0;23651.0;Vinnie;Remy;SEASHELLS;4015.0;8
0;23667.0;Vinnie;Vladimir;SEASHELLS;4016.0;9
0;23670.0;Vinnie;Remy;SEASHELLS;4016.0;8
0;23699.0;Vinnie;Vladimir;SEASHELLS;4016.0;8
0;23701.0;Remy;Vinnie;SEASHELLS;4018.0;7
0;23703.0;Remy;Vinnie;SEASHELLS;4019.0;7
0;23704.0;Vinnie;Remy;SEASHELLS;4018.0;7
0;23712.0;Vinnie;Vladimir;SEASHELLS;4018.0;12
0;23723.0;Remy;Vinnie;SEASHELLS;4020.0;8
0;23735.0;Vinnie;Remy;SEASHELLS;4018.0;4
0;23739.0;Vinnie;Vladimir;SEASHELLS;4017.0;9
0;23745.0;Vinnie;Vladimir;SEASHELLS;4016.0;3
0;23746.0;Vinnie;Remy;SEASHELLS;4016.0;5
0;23748.0;Vinnie;Vladimir;SEASHELLS;4016.0;5
0;23751.0;Vinnie;Vladimir;SEASHELLS;4016.0;10
0;23755.0;Vinnie;Vladimir;SEASHELLS;4017.0;8
0;23757.0;Remy;Vinnie;SEASHELLS;4019.0;7
0;23761.0;Vinnie;Remy;SEASHELLS;4017.0;8
0;23769.0;Vinnie;Remy;SEASHELLS;4016.0;7
0;23778.0;Remy;Vinnie;SEASHELLS;4016.0;7
0;23780.0;Vinnie;Remy;SEASHELLS;4016.0;5
0;23783.0;Vinnie;Remy;SEASHELLS;4016.0;7
0;23787.0;Vinnie;Remy;SEASHELLS;4015.0;4
0;23814.0;Remy;Vinnie;SEASHELLS;4016.0;4
0;23824.0;Vinnie;Remy;SEASHELLS;4014.0;4
0;23825.0;Remy;Vinnie;SEASHELLS;4015.0;9
0;23830.0;Vinnie;Remy;SEASHELLS;4014.0;6
0;23845.0;Remy;Vinnie;SEASHELLS;4016.0;6
0;23852.0;Vinnie;Vladimir;SEASHELLS;4015.0;3
0;23853.0;Vinnie;Vladimir;SEASHELLS;4015.0;4
0;23860.0;Vinnie;Vladimir;SEASHELLS;4016.0;12
0;23880.0;Remy;Vinnie;SEASHELLS;4015.0;8
0;23884.0;Vinnie;Vladimir;SEASHELLS;4014.0;10
0;23895.0;Vinnie;Remy;SEASHELLS;4014.0;5
0;23908.0;Vinnie;Remy;SEASHELLS;4017.0;9
0;23912.0;Remy;Vinnie;SEASHELLS;4018.0;4
0;23914.0;Vinnie;Vladimir;SEASHELLS;4017.0;3
0;23914.0;Remy;Vinnie;SEASHELLS;4018.0;9
0;23925.0;Vinnie;Vladimir;SEASHELLS;4016.0;3
0;23946.0;Vinnie;Vladimir;SEASHELLS;4017.0;8
0;23947.0;Vinnie;Remy;SEASHELLS;4016.0;6
0;23952.0;Vinnie;Remy;SEASHELLS;4015.0;7
0;23957.0;Remy;Vinnie;SEASHELLS;4016.0;10
0;23969.0;Remy;Vinnie;SEASHELLS;4015.0;8
0;23970.0;Vinnie;Vladimir;SEASHELLS;4014.0;11
0;23971.0;Vinnie;Remy;SEASHELLS;4014.0;7
0;23976.0;Remy;Vinnie;SEASHELLS;4016.0;9
0;23992.0;Vinnie;Remy;SEASHELLS;4015.0;5
0;24018.0;Vinnie;Vladimir;SEASHELLS;4013.0;4
0;24019.0;Remy;Vinnie;SEASHELLS;4014.0;8
0;24020.0;Remy;Vinnie;SEASHELLS;4014.0;8
0;24026.0;Remy;Vinnie;SEASHELLS;4013.0;4
0;24037.0;Vinnie;Remy;SEASHELLS;4011.0;8
0;24052.0;Vinnie;Remy;SEASHELLS;4012.0;4
0;24089.0;Vinnie;Remy;SEASHELLS;4015.0;10
0;24095.0;Remy;Vinnie;SEASHELLS;4018.0;7
0;24096.0;Vinnie;Vladimir;SEASHELLS;4017.0;8
0;24099.0;Vinnie;Remy;SEASHELLS;4017.0;4
0;24118.0;Remy;Vinnie;SEASHELLS;4017.0;9
0;24119.0;Vinnie;Remy;SEASHELLS;4015.0;8
0;24124.0;Remy;Vinnie;SEASHELLS;4017.0;9
0;24126.0;Vinnie;Remy;SEASHELLS;4014.0;9
0;24151.0;Remy;Vinnie;SEASHELLS;4014.0;4
0;24179.0;Vinnie;Remy;SEASHELLS;4010.0;4
0;24183.0;Vinnie;Remy;SEASHELLS;4010.0;9
0;24195.0;Remy;Vinnie;SEASHELLS;4013.0;8
0;24197.0;Remy;Vinnie;SEASHELLS;4013.0;9
0;24204.0;Vinnie;Vladimir;SEASHELLS;4012.0;8
0;24209.0;Vinnie;Vladimir;SEASHELLS;4012.0;6
0;24224.0;Vinnie;Vladimir;SEASHELLS;4012.0;5
0;24229.0;Vinnie;Vladimir;SEASHELLS;4011.0;9
0;24237.0;Vinnie;Remy;SEASHELLS;4011.0;4
0;24239.0;Vinnie;Vladimir;SEASHELLS;4011.0;3
0;24245.0;Remy;Vinnie;SEASHELLS;4013.0;8
0;24252.0;Vinnie;Remy;SEASHELLS;4012.0;7
0;24270.0;Vinnie;Vladimir;SEASHELLS;4014.0;4
0;24280.0;Remy;Vinnie;SEASHELLS;4016.0;4
0;24297.0;Vinnie;Remy;SEASHELLS;4014.0;9
0;24303.0;Vinnie;Remy;SEASHELLS;4014.0;4
0;24313.0;Vinnie;Vladimir;SEASHELLS;4015.0;5
0;24337.0;Vinnie;Remy;SEASHELLS;4015.0;8
0;24360.0;Vinnie;Remy;SEASHELLS;4018.0;5
0;24366.0;Vinnie;Remy;SEASHELLS;4017.0;9
0;24380.0;Vinnie;Vladimir;SEASHELLS;4018.0;11
0;24395.0;Vinnie;Vladimir;SEASHELLS;4017.0;6
0;24395.0;Remy;Vinnie;SEASHELLS;4018.0;7
0;24412.0;Remy;Vinnie;SEASHELLS;4017.0;4
0;24418.0;Vinnie;Remy;SEASHELLS;4017.0;9
0;24423.0;Remy;Vinnie;SEASHELLS;4017.0;5
0;24425.0;Vinnie;Vladimir;SEASHELLS;4015.0;10
0;24442.0;Vinnie;Vladimir;SEASHELLS;4014.0;8
0;24445.0;Vinnie;Vladimir;SEASHELLS;4014.0;8
0;24463.0;Vinnie;Vladimir;SEASHELLS;4015.0;5
0;24469.0;Remy;Vladimir;SEASHELLS;4015.0;6
0;24479.0;Vinnie;Vladimir;SEASHELLS;4016.0;12
0;24483.0;Remy;Vinnie;SEASHELLS;4018.0;10
0;24486.0;Vinnie;Remy;SEASHELLS;4016.0;10
0;24489.0;Vinnie;Remy;SEASHELLS;4017.0;4
0;24506.0;Remy;Vinnie;SEASHELLS;4020.0;5
0;24507.0;Vinnie;Vladimir;SEASHELLS;4019.0;12
0;24510.0;Vinnie;Vladimir;SEASHELLS;4019.0;8
0;24511.0;Vinnie;Remy;SEASHELLS;4019.0;5
0;24513.0;Vinnie;Remy;SEASHELLS;4020.0;6
0;24519.0;Remy;Vinnie;SEASHELLS;4021.0;10
0;24521.0;Vinnie;Vladimir;SEASHELLS;4021.0;4
0;24530.0;Vinnie;Vladimir;SEASHELLS;4021.0;5
0;24539.0;Remy;Vinnie;SEASHELLS;4023.0;10
0;24541.0;Vinnie;Vladimir;SEASHELLS;4022.0;9
0;24543.0;Remy;Vinnie;SEASHELLS;4023.0;8
0;24547.0;Vinnie;Remy;SEASHELLS;4021.0;5
0;24582.0;Vinnie;Vladimir;SEASHELLS;4025.0;4
0;24589.0;Remy;Vinnie;SEASHELLS;4027.0;6
0;24593.0;Vinnie;Vladimir;SEASHELLS;4027.0;11
0;24612.0;Remy;Vinnie;SEASHELLS;4030.0;10
0;24614.0;Remy;Vinnie;SEASHELLS;4030.0;5
0;24614.0;Vinnie;Vladimir;SEASHELLS;4029.0;6
0;24622.0;Vinnie;Vladimir;SEASHELLS;4028.0;12
0;24634.0;Vinnie;Vladimir;SEASHELLS;4026.0;11
0;24647.0;Remy;Vinnie;SEASHELLS;4026.0;10
0;24650.0;Vinnie;Remy;SEASHELLS;4023.0;4
0;24664.0;Vinnie;Vladimir;SEASHELLS;4025.0;10
0;24689.0;Remy;Vinnie;SEASHELLS;4027.0;10
0;24696.0;Remy;Vinnie;SEASHELLS;4027.0;6
0;24704.0;Remy;Vinnie;SEASHELLS;4026.0;10
0;24705.0;Vinnie;Vladimir;SEASHELLS;4024.0;5
0;24706.0;Remy;Vinnie;SEASHELLS;4025.0;8
0;24710.0;Remy;Vinnie;SEASHELLS;4025.0;10
0;24721.0;Remy;Vinnie;SEASHELLS;4025.0;5
0;24723.0;Vinnie;Remy;SEASHELLS;4025.0;4
0;24740.0;Remy;Vinnie;SEASHELLS;4028.0;9
0;24758.0;Remy;Vinnie;SEASHELLS;4030.0;9
0;24765.0;Vinnie;Vladimir;SEASHELLS;4028.0;8
0;24791.0;Vinnie;Vladimir;SEASHELLS;4033.0;10
0;24816.0;Vinnie;Vladimir;SEASHELLS;4037.0;8
0;24819.0;Remy;Vinnie;SEASHELLS;4039.0;6
0;24825.0;Vinnie;Remy;SEASHELLS;4039.0;9
0;24831.0;Vinnie;Vladimir;SEASHELLS;4039.0;5
0;24847.0;Vinnie;Vladimir;SEASHELLS;4041.0;3
0;24847.0;Remy;Vinnie;SEASHELLS;4043.0;6
0;24850.0;Vinnie;Remy;SEASHELLS;4042.0;4
0;24859.0;Vinnie;Vladimir;SEASHELLS;4043.0;5
0;24859.0;Remy;Vinnie;SEASHELLS;4044.0;9
0;24861.0;Remy;Vinnie;SEASHELLS;4045.0;8
0;24866.0;Remy;Vinnie;SEASHELLS;4044.0;7
0;24869.0;Remy;Vinnie;SEASHELLS;4044.0;10
0;24875.0;Remy;Vinnie;SEASHELLS;4044.0;5
0;24879.0;Vinnie;Remy;SEASHELLS;4043.0;7
0;24883.0;Vinnie;Remy;SEASHELLS;4045.0;10
0;24886.0;Remy;Vinnie;SEASHELLS;4047.0;8
0;24890.0;Vinnie;Remy;SEASHELLS;4045.0;9
0;24902.0;Remy;Vinnie;SEASHELLS;4048.0;10
0;24923.0;Vinnie;Vladimir;SEASHELLS;4049.0;7
0;24930.0;Vinnie;Vladimir;SEASHELLS;4048.0;8
0;24933.0;Vinnie;Vladimir;SEASHELLS;4048.0;3
0;24939.0;Remy;Vinnie;SEASHELLS;4049.0;10
0;24954.0;Vinnie;Vladimir;SEASHELLS;4046.0;8
0;24964.0;Vinnie;Vladimir;SEASHELLS;4047.0;5
0;24968.0;Vinnie;Vladimir;SEASHELLS;4046.0;10
0;24970.0;Vinnie;Vladimir;SEASHELLS;4046.0;4
0;24973.0;Vinnie;Remy;SEASHELLS;4046.0;6
0;24987.0;Remy;Vinnie;SEASHELLS;4049.0;8
0;24991.0;Vinnie;Remy;SEASHELLS;4048.0;9
0;24999.0;Vinnie;Vladimir;SEASHELLS;4048.0;3
0;25003.0;Vinnie;Vladimir;SEASHELLS;4048.0;4
0;25015.0;Vinnie;Remy;SEASHELLS;4049.0;5
0;25031.0;Vinnie;Vladimir;SEASHELLS;4048.0;10
0;25037.0;Vinnie;Remy;SEASHELLS;4049.0;7
0;25043.0;Vinnie;Remy;SEASHELLS;4048.0;7
0;25065.0;Vinnie;Vladimir;SEASHELLS;4048.0;4
0;25073.0;Remy;Vinnie;SEASHELLS;4049.0;6
0;25096.0;Remy;Vinnie;SEASHELLS;4052.0;4
0;25099.0;Vinnie;Vladimir;SEASHELLS;4050.0;7
0;25106.0;Vinnie;Vladimir;SEASHELLS;4051.0;10
0;25107.0;Vinnie;Vladimir;SEASHELLS;4051.0;12
0;25119.0;Vinnie;Vladimir;SEASHELLS;4050.0;7
0;25130.0;Vinnie;Remy;SEASHELLS;4048.0;7
0;25139.0;Remy;Vinnie;SEASHELLS;4050.0;9
0;25143.0;Vinnie;Remy;SEASHELLS;4048.0;8
0;25154.0;Vinnie;Remy;SEASHELLS;4048.0;6
0;25168.0;Remy;Vinnie;SEASHELLS;4048.0;6
0;25176.0;Vinnie;Remy;SEASHELLS;4044.0;6
0;25195.0;Vinnie;Vladimir;SEASHELLS;4044.0;12
0;25203.0;Vinnie;Vladimir;SEASHELLS;4044.0;9
0;25204.0;Vinnie;Remy;SEASHELLS;4044.0;6
0;25218.0;Vinnie;Vladimir;SEASHELLS;4043.0;12
0;25227.0;Remy;Vinnie;SEASHELLS;4045.0;6
0;25233.0;Remy;Vinnie;SEASHELLS;4044.0;9
0;25234.0;Vinnie;Remy;SEASHELLS;4042.0;8
0;25234.0;Vinnie;Vladimir;SEASHELLS;4042.0;7
0;25239.0;Vinnie;Remy;SEASHELLS;4041.0;7
0;25248.0;Vinnie;Vladimir;SEASHELLS;4041.0;11
0;25273.0;Vinnie;Vladimir;SEASHELLS;4042.0;8
0;25290.0;Remy;Vinnie;SEASHELLS;4042.0;5
0;25291.0;Vinnie;Remy;SEASHELLS;4041.0;7
0;25309.0;Vinnie;Vladimir;SEASHELLS;4046.0;8
0;25315.0;Vinnie;Remy;SEASHELLS;4046.0;7
0;25348.0;Remy;Vinnie;SEASHELLS;4046.0;7
0;25350.0;Remy;Vinnie;SEASHELLS;4045.0;6
0;25354.0;Remy;Vinnie;SEASHELLS;4045.0;10
0;25378.0;Remy;Vinnie;SEASHELLS;4044.0;9
0;25382.0;Vinnie;Vladimir;SEASHELLS;4043.0;6
0;25387.0;Vinnie;Remy;SEASHELLS;4043.0;10
0;25388.0;Vinnie;Remy;SEASHELLS;4043.0;4
0;25397.0;Remy;Vinnie;SEASHELLS;4044.0;6
0;25414.0;Vinnie;Remy;SEASHELLS;4043.0;10
0;25421.0;Vinnie;Remy;SEASHELLS;4043.0;4
0;25427.0;Vinnie;Vladimir;SEASHELLS;4042.0;11
0;25427.0;Vinnie;Remy;SEASHELLS;4042.0;4
0;25438.0;Remy;Vinnie;SEASHELLS;4042.0;5
0;25443.0;Vinnie;Vladimir;SEASHELLS;4040.0;6
0;25449.0;Vinnie;Remy;SEASHELLS;4041.0;7
0;25458.0;Vinnie;Vladimir;SEASHELLS;4042.0;7
0;25468.0;Vinnie;Vladimir;SEASHELLS;4042.0;4
0;25470.0;Vinnie;Vladimir;SEASHELLS;4042.0;9
0;25477.0;Remy;Vinnie;SEASHELLS;4043.0;4
0;25480.0;Vinnie;Vladimir;SEASHELLS;4041.0;12
0;25487.0;Vinnie;Remy;SEASHELLS;4039.0;10
0;25491.0;Remy;Vinnie;SEASHELLS;4039.0;7
0;25512.0;Remy;Vinnie;SEASHELLS;4040.0;6
0;25515.0;Vinnie;Vladimir;SEASHELLS;4038.0;6
0;25517.0;Vinnie;Vladimir;SEASHELLS;4038.0;9
0;25520.0;Vinnie;Vladimir;SEASHELLS;4038.0;4
0;25521.0;Vinnie;Vladimir;SEASHELLS;4038.0;7
0;25530.0;Remy;Vinnie;SEASHELLS;4039.0;7
0;25536.0;Vinnie;Vladimir;SEASHELLS;4039.0;7
0;25542.0;Remy;Vinnie;SEASHELLS;4040.0;4
0;25544.0;Vinnie;Vladimir;SEASHELLS;4038.0;7
0;25548.0;Vinnie;Remy;SEASHELLS;4038.0;9
0;25560.0;Vinnie;Remy;SEASHELLS;4040.0;8
0;25561.0;Vinnie;Vladimir;SEASHELLS;4040.0;3
0;25565.0;Vinnie;Vladimir;SEASHELLS;4040.0;11
0;25570.0;Vinnie;Vladimir;SEASHELLS;4040.0;3
0;25579.0;Vinnie;Vladimir;SEASHELLS;4042.0;6
0;25593.0;Vinnie;Remy;SEASHELLS;4040.0;4
0;25607.0;Vinnie;Remy;SEASHELLS;4043.0;4
0;25611.0;Remy;Vinnie;SEASHELLS;4045.0;7
0;25611.0;Vinnie;Vladimir;SEASHELLS;4044.0;8
0;25616.0;Remy;Vinnie;SEASHELLS;4043.0;8
0;25636.0;Vinnie;Vladimir;SEASHELLS;4043.0;12
0;25644.0;Remy;Vinnie;SEASHELLS;4045.0;7
0;25647.0;Vinnie;Remy;SEASHELLS;4043.0;5
0;25649.0;Vinnie;Remy;SEASHELLS;4043.0;9
0;25655.0;Remy;Vinnie;SEASHELLS;4043.0;9
0;25656.0;Vinnie;Remy;SEASHELLS;4042.0;5
0;25659.0;Vinnie;Remy;SEASHELLS;4042.0;4
0;25693.0;Vinnie;Remy;SEASHELLS;4042.0;4
0;25721.0;Remy;Vinnie;SEASHELLS;4044.0;8
0;25739.0;Vinnie;Remy;SEASHELLS;4044.0;10
0;25740.0;Vinnie;Remy;SEASHELLS;4044.0;6
0;25740.0;Vinnie;Vladimir;SEASHELLS;4044.0;4
0;25748.0;Vinnie;Vladimir;SEASHELLS;4044.0;9
0;25754.0;Vinnie;Vladimir;SEASHELLS;4043.0;10
0;25759.0;Vinnie;Remy;SEASHELLS;4043.0;10
0;25776.0;Vinnie;Remy;SEASHELLS;4044.0;5
0;25783.0;Remy;Vinnie;SEASHELLS;4045.0;6
0;25786.0;Remy;Vinnie;SEASHELLS;4044.0;6
0;25792.0;Remy;Vinnie;SEASHELLS;4043.0;9
0;25811.0;Vinnie;Vladimir;SEASHELLS;4040.0;12
0;25812.0;Vinnie;Remy;SEASHELLS;4040.0;10
0;25819.0;Remy;Vinnie;SEASHELLS;4040.0;7
0;25836.0;Vinnie;Vladimir;SEASHELLS;4039.0;9
0;25842.0;Vinnie;Vladimir;SEASHELLS;4039.0;7
0;25849.0;Vinnie;Remy;SEASHELLS;4039.0;8
0;25863.0;Vinnie;Vladimir;SEASHELLS;4038.0;6
0;25865.0;Vinnie;Remy;SEASHELLS;4038.0;10
0;25870.0;Remy;Vinnie;SEASHELLS;4039.0;6
0;25879.0;Remy;Vinnie;SEASHELLS;4040.0;9
0;25880.0;Remy;Vinnie;SEASHELLS;4040.0;8
0;25881.0;Vinnie;Remy;SEASHELLS;4039.0;10
0;25889.0;Vinnie;Vladimir;SEASHELLS;4038.0;6
0;25890.0;Vinnie;Vladimir;SEASHELLS;4038.0;5
0;25907.0;Vinnie;Remy;SEASHELLS;4040.0;5
0;25924.0;Vinnie;Vladimir;SEASHELLS;4040.0;9
0;25935.0;Vinnie;Remy;SEASHELLS;4040.0;6
0;25947.0;Remy;Vinnie;SEASHELLS;4040.0;8
0;25948.0;Vinnie;Remy;SEASHELLS;4039.0;5
0;25949.0;Remy;Vinnie;SEASHELLS;4040.0;8
0;25970.0;Remy;Vinnie;SEASHELLS;4039.0;5
0;25973.0;Vinnie;Vladimir;SEASHELLS;4038.0;4
0;25982.0;Vinnie;Vladimir;SEASHELLS;4039.0;3
0;25989.0;Remy;Vinnie;SEASHELLS;4041.0;6
0;25991.0;Remy;Vinnie;SEASHELLS;4041.0;6
0;26000.0;Vinnie;Remy;SEASHELLS;4040.0;5
0;26001.0;Remy;Vinnie;SEASHELLS;4041.0;7
0;26004.0;Vinnie;Vladimir;SEASHELLS;4040.0;10
0;26004.0;Vinnie;Remy;SEASHELLS;4040.0;5
0;26008.0;Remy;Vinnie;SEASHELLS;4042.0;6
0;26017.0;Vinnie;Vladimir;SEASHELLS;4039.0;11
0;26022.0;Remy;Vinnie;SEASHELLS;4039.0;8
0;26037.0;Remy;Vinnie;SEASHELLS;4038.0;10
0;26039.0;Remy;Vinnie;SEASHELLS;4039.0;6
0;26041.0;Vinnie;Remy;SEASHELLS;4037.0;6
0;26046.0;Vinnie;Vladimir;SEASHELLS;4036.0;12
0;26054.0;Vinnie;Remy;SEASHELLS;4037.0;9
0;26058.0;Vinnie;Vladimir;SEASHELLS;4035.0;3
0;26062.0;Vinnie;Vladimir;SEASHELLS;4034.0;4
0;26078.0;Vinnie;Vladimir;SEASHELLS;4034.0;8
0;26081.0;Vinnie;Remy;SEASHELLS;4033.0;8
0;26094.0;Vinnie;Remy;SEASHELLS;4034.0;6
0;26108.0;Vinnie;Remy;SEASHELLS;4034.0;8
0;26110.0;Vinnie;Vladimir;SEASHELLS;4035.0;7
0;26121.0;Vinnie;Vladimir;SEASHELLS;4036.0;6
0;26122.0;Vinnie;Vladimir;SEASHELLS;4037.0;9
0;26123.0;Remy;Vinnie;SEASHELLS;4038.0;9
0;26126.0;Vinnie;Vladimir;SEASHELLS;4038.0;11
0;26150.0;Vinnie;Remy;SEASHELLS;4038.0;4
0;26167.0;Remy;Vinnie;SEASHELLS;4038.0;10
0;26170.0;Vinnie;Remy;SEASHELLS;4037.0;6
0;26193.0;Vinnie;Remy;SEASHELLS;4036.0;8
0;26211.0;Vinnie;Remy;SEASHELLS;4037.0;7
0;26221.0;Vinnie;Remy;SEASHELLS;4039.0;9
0;26227.0;Vinnie;Remy;SEASHELLS;4040.0;4
0;26229.0;Vinnie;Remy;SEASHELLS;4039.0;4
0;26242.0;Vinnie;Vladimir;SEASHELLS;4039.0;4
0;26245.0;Remy;Vinnie;SEASHELLS;4040.0;7
0;26263.0;Vinnie;Remy;SEASHELLS;4040.0;7
0;26266.0;Vinnie;Remy;SEASHELLS;4040.0;5
0;26279.0;Vinnie;Vladimir;SEASHELLS;4040.0;10
0;26279.0;Vinnie;Remy;SEASHELLS;4040.0;4
0;26280.0;Vinnie;Vladimir;SEASHELLS;4040.0;5
0;26289.0;Remy;Vinnie;SEASHELLS;4041.0;5
0;26306.0;Remy;Vinnie;SEASHELLS;4044.0;7
0;26307.0;Remy;Vinnie;SEASHELLS;4044.0;9
0;26322.0;Vinnie;Remy;SEASHELLS;4044.0;6
0;26328.0;Vinnie;Remy;SEASHELLS;4045.0;6
0;26328.0;Vinnie;Vladimir;SEASHELLS;4045.0;9
0;26333.0;Vinnie;Vladimir;SEASHELLS;4047.0;8
0;26345.0;Vinnie;Remy;SEASHELLS;4045.0;4
0;26358.0;Vinnie;Vladimir;SEASHELLS;4044.0;9
0;26360.0;Vinnie;Vladimir;SEASHELLS;4044.0;4
0;26367.0;Remy;Vinnie;SEASHELLS;4047.0;9
0;26386.0;Vinnie;Remy;SEASHELLS;4046.0;5
0;26405.0;Vinnie;Vladimir;SEASHELLS;4047.0;11
0;26408.0;Remy;Vinnie;SEASHELLS;4049.0;8
0;26420.0;Remy;Vinnie;SEASHELLS;4048.0;10
0;26436.0;Remy;Vinnie;SEASHELLS;4050.0;7
0;26436.0;Vinnie;Vladimir;SEASHELLS;4049.0;12
0;26452.0;Remy;Vinnie;SEASHELLS;4052.0;4
0;26471.0;Remy;Vinnie;SEASHELLS;4049.0;4
0;26479.0;Remy;Vinnie;SEASHELLS;4050.0;9
0;26513.0;Remy;Vinnie;SEASHELLS;4052.0;7
0;26514.0;Vinnie;Remy;SEASHELLS;4050.0;6
0;26516.0;Vinnie;Remy;SEASHELLS;4050.0;4
0;26516.0;Vinnie;Vladimir;SEASHELLS;4050.0;9
0;26551.0;Remy;Vinnie;SEASHELLS;4047.0;4
0;26553.0;Vinnie;Remy;SEASHELLS;4046.0;9
0;26555.0;Vinnie;Remy;SEASHELLS;4046.0;6
0;26555.0;Vinnie;Vladimir;SEASHELLS;4046.0;6
0;26558.0;Vinnie;Remy;SEASHELLS;4045.0;4
0;26561.0;Remy;Vinnie;SEASHELLS;4047.0;9
0;26572.0;Vinnie;Vladimir;SEASHELLS;4048.0;4
0;26581.0;Vinnie;Vladimir;SEASHELLS;4048.0;10
0;26585.0;Vinnie;Vladimir;SEASHELLS;4049.0;10
0;26585.0;Vinnie;Remy;SEASHELLS;4049.0;6
0;26586.0;Vinnie;Vladimir;SEASHELLS;4049.0;11
0;26593.0;Remy;Vinnie;SEASHELLS;4050.0;10
0;26608.0;Vinnie;Remy;SEASHELLS;4050.0;7
0;26617.0;Vinnie;Vladimir;SEASHELLS;4050.0;7
0;26630.0;Remy;Vinnie;SEASHELLS;4052.0;4
0;26635.0;Remy;Vinnie;SEASHELLS;4051.0;8
0;26654.0;Vinnie;Remy;SEASHELLS;4046.0;4
0;26662.0;Vinnie;Vladimir;SEASHELLS;4045.0;11
0;26669.0;Remy;Vinnie;SEASHELLS;4049.0;6
0;26684.0;Remy;Vinnie;SEASHELLS;4048.0;7
0;26693.0;Vinnie;Vladimir;SEASHELLS;4046.0;9
0;26718.0;Vinnie;Vladimir;SEASHELLS;4048.0;8
0;26720.0;Remy;Vinnie;SEASHELLS;4050.0;8
0;26741.0;Vinnie;Remy;SEASHELLS;4050.0;8
0;26741.0;Vinnie;Vladimir;SEASHELLS;4050.0;5
0;26746.0;Remy;Vinnie;SEASHELLS;4051.0;5
0;26756.0;Remy;Vinnie;SEASHELLS;4051.0;8
0;26794.0;Vinnie;Vladimir;SEASHELLS;4051.0;5
0;26810.0;Remy;Vinnie;SEASHELLS;4050.0;5
0;26816.0;Vinnie;Vladimir;SEASHELLS;4049.0;9
0;26819.0;Vinnie;Vladimir;SEASHELLS;4048.0;5
0;26847.0;Remy;Vinnie;SEASHELLS;4046.0;9
0;26858.0;Vinnie;Remy;SEASHELLS;4047.0;10
0;26860.0;Vinnie;Vladimir;SEASHELLS;4047.0;11
0;26876.0;Vinnie;Remy;SEASHELLS;4043.0;8
0;26880.0;Remy;Vinnie;SEASHELLS;4044.0;7
0;26880.0;Vinnie;Vladimir;SEASHELLS;4043.0;9
0;26884.0;Remy;Vinnie;SEASHELLS;4043.0;7
0;26889.0;Vinnie;Vladimir;SEASHELLS;4043.0;4
0;26897.0;Remy;Vinnie;SEASHELLS;4045.0;9
0;26903.0;Vinnie;Vladimir;SEASHELLS;4043.0;7
0;26913.0;Remy;Vinnie;SEASHELLS;4043.0;6
0;26949.0;Vinnie;Vladimir;SEASHELLS;4043.0;12
0;26964.0;Vinnie;Remy;SEASHELLS;4042.0;7
0;26966.0;Vinnie;Remy;SEASHELLS;4043.0;5
0;26971.0;Remy;Vinnie;SEASHELLS;4043.0;8
0;26972.0;Vinnie;Vladimir;SEASHELLS;4043.0;10
0;26972.0;Remy;Vinnie;SEASHELLS;4044.0;9
0;26979.0;Vinnie;Vladimir;SEASHELLS;4042.0;11
0;26985.0;Vinnie;Vladimir;SEASHELLS;4042.0;9
0;26993.0;Vinnie;Remy;SEASHELLS;4041.0;8
0;26999.0;Remy;Vinnie;SEASHELLS;4042.0;8
0;26999.0;Vinnie;Vladimir;SEASHELLS;4041.0;3
0;27001.0;Vinnie;Remy;SEASHELLS;4040.0;10
0;27003.0;Vinnie;Remy;SEASHELLS;4040.0;5
0;27005.0;Vinnie;Remy;SEASHELLS;4040.0;6
0;27017.0;Remy;Vinnie;SEASHELLS;4040.0;6
0;27021.0;Vinnie;Remy;SEASHELLS;4037.0;9
0;27023.0;Remy;Vinnie;SEASHELLS;4038.0;10
0;27031.0;Vinnie;Vladimir;SEASHELLS;4036.0;9
0;27039.0;Vinnie;Remy;SEASHELLS;4037.0;9
0;27042.0;Remy;Vinnie;SEASHELLS;4039.0;6
0;27064.0;Vinnie;Vladimir;SEASHELLS;4038.0;5
0;27065.0;Vinnie;Vladimir;SEASHELLS;4038.0;9
0;27065.0;Remy;Vinnie;SEASHELLS;4039.0;10
0;27067.0;Vinnie;Vladimir;SEASHELLS;4038.0;9
0;27069.0;Vinnie;Remy;SEASHELLS;4038.0;9
0;27070.0;Remy;Vinnie;SEASHELLS;4040.0;5
0;27073.0;Remy;Vinnie;SEASHELLS;4040.0;6
0;27079.0;Vinnie;Remy;SEASHELLS;4038.0;6
0;27081.0;Vinnie;Vladimir;SEASHELLS;4037.0;8
0;27082.0;Remy;Vinnie;SEASHELLS;4038.0;4
0;27083.0;Remy;Vinnie;SEASHELLS;4038.0;9
0;27107.0;Remy;Vinnie;SEASHELLS;4037.0;10
0;27108.0;Remy;Vinnie;SEASHELLS;4037.0;8
0;27127.0;Vinnie;Remy;SEASHELLS;4035.0;4
0;27138.0;Remy;Vinnie;SEASHELLS;4037.0;4
0;27140.0;Remy;Vinnie;SEASHELLS;4037.0;5
0;27151.0;Vinnie;Remy;SEASHELLS;4037.0;5
0;27159.0;Vinnie;Remy;SEASHELLS;4036.0;7
0;27161.0;Remy;Vinnie;SEASHELLS;4038.0;6
0;27170.0;Remy;Vinnie;SEASHELLS;4037.0;4
0;27187.0;Remy;Vinnie;SEASHELLS;4035.0;6
0;27195.0;Vinnie;Remy;SEASHELLS;4033.0;10
0;27198.0;Vinnie;Vladimir;SEASHELLS;4033.0;11
0;27220.0;Remy;Vinnie;SEASHELLS;4036.0;10
0;27224.0;Vinnie;Vladimir;SEASHELLS;4035.0;9
0;27235.0;Remy;Vinnie;SEASHELLS;4038.0;7
0;27236.0;Vinnie;Remy;SEASHELLS;4037.0;6
0;27237.0;Vinnie;Remy;SEASHELLS;4037.0;8
0;27243.0;Remy;Vinnie;SEASHELLS;4038.0;6
0;27254.0;Remy;Vinnie;SEASHELLS;4037.0;5
0;27263.0;Remy;Vinnie;SEASHELLS;4038.0;10
0;27275.0;Remy;Vinnie;SEASHELLS;4036.0;6
0;27277.0;Vinnie;Remy;SEASHELLS;4034.0;8
0;27295.0;Vinnie;Vladimir;SEASHELLS;4036.0;3
0;27298.0;Remy;Vinnie;SEASHELLS;4038.0;8
0;27317.0;Vinnie;Vladimir;SEASHELLS;4037.0;7
0;27318.0;Vinnie;Remy;SEASHELLS;4036.0;5
0;27321.0;Vinnie;Vladimir;SEASHELLS;4034.0;3
0;27324.0;Remy;Vinnie;SEASHELLS;4036.0;8
0;27354.0;Vinnie;Remy;SEASHELLS;4034.0;10
0;27376.0;Remy;Vinnie;SEASHELLS;4036.0;7
0;27396.0;Vinnie;Remy;SEASHELLS;4034.0;9
0;27401.0;Remy;Vinnie;SEASHELLS;4034.0;4
0;27410.0;Vinnie;Remy;SEASHELLS;4033.0;5
0;27411.0;Vinnie;Vladimir;SEASHELLS;4033.0;4
0;27431.0;Vinnie;Remy;SEASHELLS;4035.0;7
0;27440.0;Remy;Vinnie;SEASHELLS;4035.0;4
0;27451.0;Vinnie;Vladimir;SEASHELLS;4032.0;4
0;27457.0;Vinnie;Vladimir;SEASHELLS;4032.0;8
0;27460.0;Remy;Vinnie;SEASHELLS;4032.0;6
0;27461.0;Remy;Vinnie;SEASHELLS;4033.0;8
0;27462.0;Vinnie;Vladimir;SEASHELLS;4032.0;6
0;27484.0;Remy;Vinnie;SEASHELLS;4034.0;6
0;27488.0;Remy;Vinnie;SEASHELLS;4033.0;9
0;27523.0;Remy;Vinnie;SEASHELLS;4031.0;6
0;27529.0;Remy;Vinnie;SEASHELLS;4032.0;6
0;27540.0;Vinnie;Remy;SEASHELLS;4031.0;6
0;27550.0;Remy;Vinnie;SEASHELLS;4034.0;5
0;27553.0;Vinnie;Vladimir;SEASHELLS;4033.0;11
0;27559.0;Remy;Vinnie;SEASHELLS;4035.0;8
0;27561.0;Remy;Vinnie;SEASHELLS;4035.0;6
0;27566.0;Vinnie;Vladimir;SEASHELLS;4034.0;5
0;27575.0;Vinnie;Remy;SEASHELLS;4035.0;5
0;27594.0;Vinnie;Vladimir;SEASHELLS;4034.0;9
0;27599.0;Vinnie;Remy;SEASHELLS;4034.0;10
0;27605.0;Remy;Vinnie;SEASHELLS;4035.0;6
0;27613.0;Vinnie;Remy;SEASHELLS;4034.0;9
0;27622.0;Vinnie;Remy;SEASHELLS;4034.0;9
0;27624.0;Vinnie;Vladimir;SEASHELLS;4033.0;5
0;27644.0;Vinnie;Vladimir;SEASHELLS;4031.0;8
0;27659.0;Vinnie;Remy;SEASHELLS;4032.0;4
0;27667.0;Remy;Vinnie;SEASHELLS;4033.0;8
0;27679.0;Vinnie;Vladimir;SEASHELLS;4032.0;12
0;27679.0;Vinnie;Remy;SEASHELLS;4032.0;7
0;27699.0;Vinnie;Vladimir;SEASHELLS;4032.0;7
0;27713.0;Remy;Vinnie;SEASHELLS;4033.0;10
0;27717.0;Vinnie;Vladimir;SEASHELLS;4031.0;6
0;27721.0;Vinnie;Vladimir;SEASHELLS;4030.0;4
0;27725.0;Vinnie;Vladimir;SEASHELLS;4029.0;8
0;27726.0;Remy;Vinnie;SEASHELLS;4031.0;6
0;27733.0;Remy;Vinnie;SEASHELLS;4030.0;6
0;27740.0;Vinnie;Remy;SEASHELLS;4027.0;8
0;27745.0;Vinnie;Vladimir;SEASHELLS;4028.0;4
0;27747.0;Remy;Vinnie;SEASHELLS;4029.0;9
0;27752.0;Remy;Vinnie;SEASHELLS;4027.0;8
0;27753.0;Remy;Vinnie;SEASHELLS;4027.0;4
0;27756.0;Vinnie;Remy;SEASHELLS;4026.0;5
0;27763.0;Remy;Vinnie;SEASHELLS;4027.0;8
0;27774.0;Vinnie;Vladimir;SEASHELLS;4025.0;11
0;27785.0;Vinnie;Remy;SEASHELLS;4024.0;4
0;27790.0;Vinnie;Remy;SEASHELLS;4024.0;9
0;27792.0;Vinnie;Remy;SEASHELLS;4024.0;8
0;27796.0;Vinnie;Remy;SEASHELLS;4024.0;7
0;27800.0;Vinnie;Remy;SEASHELLS;4024.0;6
0;27801.0;Vinnie;Vladimir;SEASHELLS;4023.0;9
0;27807.0;Remy;Vinnie;SEASHELLS;4025.0;6
0;27811.0;Remy;Vinnie;SEASHELLS;4025.0;10
0;27854.0;Remy;Vinnie;SEASHELLS;4021.0;5
0;27859.0;Vinnie;Remy;SEASHELLS;4020.0;9
0;27870.0;Vinnie;Vladimir;SEASHELLS;4020.0;5
0;27871.0;Vinnie;Remy;SEASHELLS;4020.0;8
0;27879.0;Vinnie;Remy;SEASHELLS;4018.0;8
0;27880.0;Remy;Vinnie;SEASHELLS;4020.0;9
0;27890.0;Vinnie;Remy;SEASHELLS;4019.0;9
0;27891.0;Vinnie;Vladimir;SEASHELLS;4020.0;12
0;27900.0;Vinnie;Remy;SEASHELLS;4017.0;8
0;27905.0;Remy;Vinnie;SEASHELLS;4018.0;7
0;27910.0;Vinnie;Vladimir;SEASHELLS;4018.0;3
0;27911.0;Vinnie;Remy;SEASHELLS;4018.0;7
0;27916.0;Remy;Vinnie;SEASHELLS;4020.0;4
0;27921.0;Remy;Vinnie;SEASHELLS;4020.0;9
0;27924.0;Vinnie;Vladimir;SEASHELLS;4019.0;10
0;27929.0;Vinnie;Vladimir;SEASHELLS;4019.0;4
0;27941.0;Vinnie;Remy;SEASHELLS;4019.0;9
0;27947.0;Vinnie;Vladimir;SEASHELLS;4019.0;10
0;27949.0;Vinnie;Vladimir;SEASHELLS;4019.0;7
0;27971.0;Vinnie;Remy;SEASHELLS;4019.0;4
0;27978.0;Vinnie;Remy;SEASHELLS;4021.0;4
0;27993.0;Vinnie;Remy;SEASHELLS;4019.0;10
0;27994.0;Remy;Vinnie;SEASHELLS;4020.0;8
0;28011.0;Remy;Vinnie;SEASHELLS;4019.0;6
0;28014.0;Vinnie;Vladimir;SEASHELLS;4018.0;12
0;28019.0;Vinnie;Remy;SEASHELLS;4019.0;8
0;28035.0;Remy;Vinnie;SEASHELLS;4020.0;5
0;28041.0;Vinnie;Vladimir;SEASHELLS;4019.0;8
0;28067.0;Vinnie;Vladimir;SEASHELLS;4017.0;10
0;28075.0;Remy;Vinnie;SEASHELLS;4017.0;6
0;28079.0;Vinnie;Vladimir;SEASHELLS;4015.0;12
0;28084.0;Vinnie;Remy;SEASHELLS;4014.0;7
0;28090.0;Vinnie;Remy;SEASHELLS;4015.0;5
0;28093.0;Vinnie;Remy;SEASHELLS;4015.0;10
0;28105.0;Vinnie;Vladimir;SEASHELLS;4017.0;5
0;28106.0;Vinnie;Remy;SEASHELLS;4017.0;7
0;28127.0;Remy;Vinnie;SEASHELLS;4019.0;5
0;28138.0;Remy;Vinnie;SEASHELLS;4020.0;7
0;28150.0;Vinnie;Vladimir;SEASHELLS;4021.0;10
0;28153.0;Remy;Vinnie;SEASHELLS;4022.0;10
0;28160.0;Vinnie;Vladimir;SEASHELLS;4020.0;7
0;28167.0;Remy;Vinnie;SEASHELLS;4023.0;10
0;28171.0;Remy;Vinnie;SEASHELLS;4022.0;5
0;28172.0;Vinnie;Remy;SEASHELLS;4021.0;4
0;28179.0;Remy;Vinnie;SEASHELLS;4021.0;9
0;28199.0;Vinnie;Remy;SEASHELLS;4020.0;9
0;28217.0;Vinnie;Remy;SEASHELLS;4021.0;4
0;28222.0;Vinnie;Remy;SEASHELLS;4020.0;5
0;28242.0;Vinnie;Remy;SEASHELLS;4020.0;4
0;28248.0;Vinnie;Vladimir;SEASHELLS;4020.0;10
0;28253.0;Remy;Vinnie;SEASHELLS;4021.0;8
0;28260.0;Vinnie;Remy;SEASHELLS;4020.0;4
0;28266.0;Remy;Vinnie;SEASHELLS;4020.0;9
0;28267.0;Vinnie;Remy;SEASHELLS;4019.0;10
0;28268.0;Vinnie;Remy;SEASHELLS;4019.0;5
0;28270.0;Vinnie;Remy;SEASHELLS;4018.0;6
0;28287.0;Remy;Vinnie;SEASHELLS;4023.0;4
0;28290.0;Vinnie;Remy;SEASHELLS;4021.0;7
0;28301.0;Remy;Vinnie;SEASHELLS;4023.0;4
0;28303.0;Vinnie;Vladimir;SEASHELLS;4021.0;3
0;28322.0;Remy;Vinnie;SEASHELLS;4022.0;6
0;28327.0;Vinnie;Vladimir;SEASHELLS;4021.0;3
0;28349.0;Vinnie;Remy;SEASHELLS;4023.0;10
0;28351.0;Vinnie;Vladimir;SEASHELLS;4021.0;11
0;28359.0;Vinnie;Remy;SEASHELLS;4020.0;10
0;28371.0;Remy;Vinnie;SEASHELLS;4022.0;8
0;28374.0;Remy;Vinnie;SEASHELLS;4022.0;10
0;28379.0;Vinnie;Vladimir;SEASHELLS;4022.0;7
0;28382.0;Vinnie;Remy;SEASHELLS;4022.0;9
0;28392.0;Vinnie;Remy;SEASHELLS;4021.0;6
0;28394.0;Vinnie;Vladimir;SEASHELLS;4021.0;6
0;28408.0;Vinnie;Remy;SEASHELLS;4023.0;6
0;28424.0;Remy;Vinnie;SEASHELLS;4024.0;5
0;28425.0;Remy;Vinnie;SEASHELLS;4024.0;6
0;28435.0;Remy;Vinnie;SEASHELLS;4024.0;6
0;28440.0;Vinnie;Vladimir;SEASHELLS;4023.0;4
0;28464.0;Vinnie;Vladimir;SEASHELLS;4020.0;12
0;28466.0;Remy;Vinnie;SEASHELLS;4021.0;4
0;28468.0;Remy;Vinnie;SEASHELLS;4022.0;6
0;28478.0;Vinnie;Remy;SEASHELLS;4020.0;5
0;28478.0;Vinnie;Vladimir;SEASHELLS;4020.0;9
0;28502.0;Vinnie;Vladimir;SEASHELLS;4017.0;6
0;28518.0;Remy;Vinnie;SEASHELLS;4018.0;4
0;28525.0;Vinnie;Remy;SEASHELLS;4017.0;5
0;28527.0;Vinnie;Vladimir;SEASHELLS;4017.0;7
0;28528.0;Remy;Vinnie;SEASHELLS;4018.0;4
0;28541.0;Vinnie;Remy;SEASHELLS;4016.0;5
0;28542.0;Remy;Vinnie;SEASHELLS;4017.0;6
0;28561.0;Vinnie;Vladimir;SEASHELLS;4018.0;7
0;28566.0;Remy;Vinnie;SEASHELLS;4020.0;10
0;28571.0;Vinnie;Vladimir;SEASHELLS;4020.0;3
0;28582.0;Vinnie;Remy;SEASHELLS;4019.0;7
0;28584.0;Remy;Vinnie;SEASHELLS;4021.0;4
0;28597.0;Vinnie;Remy;SEASHELLS;4020.0;10
0;28604.0;Vinnie;Vladimir;SEASHELLS;4019.0;11
0;28610.0;Vinnie;Remy;SEASHELLS;4019.0;5
0;28613.0;Remy;Vinnie;SEASHELLS;4020.0;5
0;28627.0;Remy;Vinnie;SEASHELLS;4018.0;9
0;28634.0;Vinnie;Vladimir;SEASHELLS;4016.0;5
0;28645.0;Vinnie;Vladimir;SEASHELLS;4016.0;8
0;28654.0;Remy;Vinnie;SEASHELLS;4016.0;10
0;28670.0;Vinnie;Remy;SEASHELLS;4015.0;9
0;28675.0;Remy;Vinnie;SEASHELLS;4017.0;7
0;28678.0;Vinnie;Remy;SEASHELLS;4014.0;6
0;28685.0;Vinnie;Remy;SEASHELLS;4012.0;5
0;28689.0;Vinnie;Remy;SEASHELLS;4014.0;4
0;28692.0;Vinnie;Remy;SEASHELLS;4013.0;8
0;28702.0;Remy;Vinnie;SEASHELLS;4015.0;7
0;28704.0;Remy;Vinnie;SEASHELLS;4015.0;4
0;28709.0;Vinnie;Remy;SEASHELLS;4014.0;7
0;28728.0;Vinnie;Remy;SEASHELLS;4014.0;6
0;28735.0;Vinnie;Remy;SEASHELLS;4012.0;7
0;28747.0;Vinnie;Remy;SEASHELLS;4009.0;10
0;28759.0;Vinnie;Vladimir;SEASHELLS;4008.0;10
0;28774.0;Vinnie;Remy;SEASHELLS;4008.0;6
0;28780.0;Vinnie;Vladimir;SEASHELLS;4009.0;7
0;28781.0;Vinnie;Vladimir;SEASHELLS;4009.0;12
0;28782.0;Vinnie;Remy;SEASHELLS;4009.0;10
0;28783.0;Vinnie;Remy;SEASHELLS;4009.0;7
0;28793.0;Remy;Vinnie;SEASHELLS;4012.0;10
0;28813.0;Vinnie;Remy;SEASHELLS;4012.0;7
0;28842.0;Vinnie;Vladimir;SEASHELLS;4014.0;6
0;28850.0;Vinnie;Remy;SEASHELLS;4013.0;6
0;28871.0;Remy;Vinnie;SEASHELLS;4014.0;5
0;28873.0;Remy;Vinnie;SEASHELLS;4015.0;6
0;28874.0;Vinnie;Vladimir;SEASHELLS;4013.0;5
0;28879.0;Remy;Vinnie;SEASHELLS;4015.0;9
0;28894.0;Remy;Vinnie;SEASHELLS;4014.0;5
0;28906.0;Vinnie;Remy;SEASHELLS;4012.0;7
0;28914.0;Remy;Vinnie;SEASHELLS;4015.0;7
0;28916.0;Vinnie;Remy;SEASHELLS;4015.0;7
0;28919.0;Vinnie;Remy;SEASHELLS;4014.0;5
0;28947.0;Remy;Vinnie;SEASHELLS;4017.0;4
0;28947.0;Vinnie;Vladimir;SEASHELLS;4016.0;12
0;28952.0;Remy;Vinnie;SEASHELLS;4017.0;8
0;28960.0;Remy;Vinnie;SEASHELLS;4018.0;7
0;28971.0;Vinnie;Vladimir;SEASHELLS;4018.0;12
0;28974.0;Remy;Vinnie;SEASHELLS;4019.0;4
0;28980.0;Remy;Vinnie;SEASHELLS;4021.0;7
0;28982.0;Remy;Vinnie;SEASHELLS;4020.0;4
0;28988.0;Vinnie;Vladimir;SEASHELLS;4020.0;3
0;28991.0;Remy;Vinnie;SEASHELLS;4021.0;9
0;28993.0;Vinnie;Remy;SEASHELLS;4019.0;4
0;29024.0;Vinnie;Remy;SEASHELLS;4018.0;9
0;29031.0;Remy;Vinnie;SEASHELLS;4021.0;9
0;29040.0;Vinnie;Remy;SEASHELLS;4020.0;5
0;29041.0;Remy;Vinnie;SEASHELLS;4021.0;6
0;29044.0;Remy;Vinnie;SEASHELLS;4019.0;7
0;29048.0;Vinnie;Remy;SEASHELLS;4017.0;10
0;29049.0;Vinnie;Vladimir;SEASHELLS;4018.0;12
0;29054.0;Vinnie;Remy;SEASHELLS;4020.0;4
0;29055.0;Remy;Vinnie;SEASHELLS;4022.0;7
0;29066.0;Vinnie;Vladimir;SEASHELLS;4020.0;8
0;29071.0;Vinnie;Remy;SEASHELLS;4020.0;6
0;29090.0;Vinnie;Remy;SEASHELLS;4019.0;8
0;29104.0;Remy;Vinnie;SEASHELLS;4021.0;5
0;29107.0;Vinnie;Remy;SEASHELLS;4021.0;4
0;29108.0;Remy;Vinnie;SEASHELLS;4022.0;9
0;29118.0;Vinnie;Vladimir;SEASHELLS;4021.0;10
0;29131.0;Remy;Vinnie;SEASHELLS;4024.0;6
0;29136.0;Remy;Vinnie;SEASHELLS;4024.0;9
0;29149.0;Vinnie;Remy;SEASHELLS;4022.0;5
0;29164.0;Remy;Vinnie;SEASHELLS;4021.0;5
0;29178.0;Vinnie;Remy;SEASHELLS;4022.0;4
0;29195.0;Vinnie;Vladimir;SEASHELLS;4021.0;3
0;29198.0;Remy;Vinnie;SEASHELLS;4022.0;9
0;29203.0;Vinnie;Vladimir;SEASHELLS;4021.0;4
0;29212.0;Vinnie;Remy;SEASHELLS;4023.0;5
0;29228.0;Vinnie;Vladimir;SEASHELLS;4023.0;10
0;29237.0;Vinnie;Vladimir;SEASHELLS;4025.0;10
0;29241.0;Vinnie;Vladimir;SEASHELLS;4025.0;7
0;29242.0;Vinnie;Vladimir;SEASHELLS;4025.0;7
0;29250.0;Remy;Vinnie;SEASHELLS;4028.0;8
0;29252.0;Vinnie;Vladimir;SEASHELLS;4026.0;9
0;29261.0;Vinnie;Vladimir;SEASHELLS;4027.0;4
0;29275.0;Vinnie;Remy;SEASHELLS;4025.0;4
0;29277.0;Vinnie;Vladimir;SEASHELLS;4026.0;11
0;29278.0;Vinnie;Remy;SEASHELLS;4026.0;8
0;29284.0;Vinnie;Vladimir;SEASHELLS;4027.0;3
0;29289.0;Remy;Vinnie;SEASHELLS;4027.0;8
0;29305.0;Remy;Vinnie;SEASHELLS;4028.0;6
0;29325.0;Vinnie;Remy;SEASHELLS;4029.0;4
0;29328.0;Vinnie;Vladimir;SEASHELLS;4028.0;9
0;29330.0;Vinnie;Vladimir;SEASHELLS;4028.0;8
0;29335.0;Vinnie;Vladimir;SEASHELLS;4027.0;11
0;29336.0;Vinnie;Remy;SEASHELLS;4027.0;4
0;29351.0;Remy;Vinnie;SEASHELLS;4030.0;4
0;29353.0;Remy;Vinnie;SEASHELLS;4029.0;5
0;29362.0;Remy;Vinnie;SEASHELLS;4029.0;5
0;29363.0;Remy;Vinnie;SEASHELLS;4029.0;4
0;29370.0;Vinnie;Remy;SEASHELLS;4029.0;7
0;29378.0;Remy;Vinnie;SEASHELLS;4031.0;7
0;29380.0;Remy;Vinnie;SEASHELLS;4030.0;10
0;29388.0;Remy;Vinnie;SEASHELLS;4030.0;7
0;29390.0;Vinnie;Vladimir;SEASHELLS;4029.0;8
0;29396.0;Vinnie;Remy;SEASHELLS;4029.0;9
0;29398.0;Vinnie;Vladimir;SEASHELLS;4029.0;6
0;29406.0;Vinnie;Vladimir;SEASHELLS;4028.0;3
0;29407.0;Remy;Vinnie;SEASHELLS;4028.0;5
0;29413.0;Vinnie;Remy;SEASHELLS;4028.0;9
0;29420.0;Vinnie;Remy;SEASHELLS;4029.0;7
0;29423.0;Remy;Vinnie;SEASHELLS;4031.0;6
0;29424.0;Vinnie;Remy;SEASHELLS;4030.0;10
0;29427.0;Vinnie;Remy;SEASHELLS;4030.0;9
0;29434.0;Remy;Vinnie;SEASHELLS;4032.0;5
0;29451.0;Vinnie;Remy;SEASHELLS;4033.0;4
0;29465.0;Vinnie;Remy;SEASHELLS;4033.0;6
0;29478.0;Vinnie;Vladimir;SEASHELLS;4030.0;5
0;29480.0;Vinnie;Vladimir;SEASHELLS;4030.0;6
0;29481.0;Vinnie;Remy;SEASHELLS;4031.0;10
0;29482.0;Remy;Vinnie;SEASHELLS;4032.0;4
0;29500.0;Remy;Vinnie;SEASHELLS;4032.0;5
0;29516.0;Remy;Vinnie;SEASHELLS;4033.0;7
0;29517.0;Remy;Vinnie;SEASHELLS;4034.0;6
0;29526.0;Vinnie;Remy;SEASHELLS;4032.0;7
0;29529.0;Remy;Vinnie;SEASHELLS;4034.0;4
0;29553.0;Vinnie;Remy;SEASHELLS;4034.0;6
0;29568.0;Vinnie;Remy;SEASHELLS;4034.0;7
0;29577.0;Vinnie;Remy;SEASHELLS;4034.0;8
0;29579.0;Vinnie;Remy;SEASHELLS;4034.0;10
0;29589.0;Vinnie;Vladimir;SEASHELLS;4033.0;10
0;29599.0;Vinnie;Vladimir;SEASHELLS;4032.0;10
0;29600.0;Vinnie;Vladimir;SEASHELLS;4032.0;9
0;29606.0;Remy;Vinnie;SEASHELLS;4033.0;8
0;29611.0;Vinnie;Vladimir;SEASHELLS;4033.0;10
0;29616.0;Vinnie;Vladimir;SEASHELLS;4034.0;3
0;29623.0;Remy;Vinnie;SEASHELLS;4036.0;6
0;29643.0;Vinnie;Remy;SEASHELLS;4035.0;8
0;29646.0;Vinnie;Remy;SEASHELLS;4035.0;7
0;29649.0;Remy;Vinnie;SEASHELLS;4037.0;8
0;29651.0;Remy;Vinnie;SEASHELLS;4038.0;7
0;29657.0;Vinnie;Vladimir;SEASHELLS;4037.0;3
0;29660.0;Vinnie;Vladimir;SEASHELLS;4037.0;12
0;29661.0;Remy;Vinnie;SEASHELLS;4038.0;9
0;29677.0;Remy;Vinnie;SEASHELLS;4040.0;4
0;29681.0;Vinnie;Vladimir;SEASHELLS;4039.0;10
0;29682.0;Remy;Vinnie;SEASHELLS;4041.0;6
0;29695.0;Remy;Vladimir;SEASHELLS;4037.0;4
0;29700.0;Vinnie;Remy;SEASHELLS;4036.0;7
0;29714.0;Vinnie;Remy;SEASHELLS;4035.0;4
0;29716.0;Remy;Vinnie;SEASHELLS;4036.0;6
0;29724.0;Vinnie;Vladimir;SEASHELLS;4035.0;10
0;29727.0;Vinnie;Vladimir;SEASHELLS;4034.0;6
0;29729.0;Remy;Vinnie;SEASHELLS;4035.0;8
0;29729.0;Vinnie;Vladimir;SEASHELLS;4034.0;9
0;29732.0;Remy;Vinnie;SEASHELLS;4035.0;6
0;29744.0;Vinnie;Vladimir;SEASHELLS;4034.0;7
0;29750.0;Remy;Vinnie;SEASHELLS;4034.0;8
0;29753.0;Vinnie;Remy;SEASHELLS;4033.0;9
0;29759.0;Vinnie;Vladimir;SEASHELLS;4033.0;8
0;29779.0;Vinnie;Remy;SEASHELLS;4034.0;6
0;29797.0;Vinnie;Remy;SEASHELLS;4032.0;8
0;29814.0;Remy;Vinnie;SEASHELLS;4032.0;5
0;29815.0;Vinnie;Remy;SEASHELLS;4031.0;7
0;29831.0;Remy;Vinnie;SEASHELLS;4032.0;9
0;29847.0;Vinnie;Remy;SEASHELLS;4031.0;5
0;29851.0;Vinnie;Vladimir;SEASHELLS;4031.0;9
0;29855.0;Vinnie;Vladimir;SEASHELLS;4031.0;4
0;29858.0;Remy;Vinnie;SEASHELLS;4033.0;7
0;29878.0;Vinnie;Remy;SEASHELLS;4032.0;5
0;29902.0;Vinnie;Vladimir;SEASHELLS;4030.0;9
0;29953.0;Remy;Vinnie;SEASHELLS;4031.0;9
0;29957.0;Vinnie;Remy;SEASHELLS;4030.0;5
0;29958.0;Vinnie;Vladimir;SEASHELLS;4030.0;3
0;29973.0;Remy;Vinnie;SEASHELLS;4031.0;7
0;29974.0;Remy;Vinnie;SEASHELLS;4031.0;10
0;29993.0;Remy;Vinnie;SEASHELLS;4032.0;7
0;29994.0;Remy;Vinnie;SEASHELLS;4032.0;4
1;30003.0;Remy;Vinnie;SEASHELLS;4031.0;9
1;30003.0;Vinnie;Vladimir;SEASHELLS;4029.0;11
1;30008.0;Vinnie;Vladimir;SEASHELLS;4030.0;6
1;30016.0;Vinnie;Remy;SEASHELLS;4030.0;8
1;30016.0;Vinnie;Vladimir;SEASHELLS;4030.0;10
1;30017.0;Vinnie;Vladimir;SEASHELLS;4030.0;4
1;30018.0;Vinnie;Remy;SEASHELLS;4030.0;8
1;30045.0;Vinnie;Vladimir;SEASHELLS;4032.0;6
1;30047.0;Vinnie;Vladimir;SEASHELLS;4032.0;9
1;30047.0;Remy;Vinnie;SEASHELLS;4033.0;5
1;30056.0;Vinnie;Vladimir;SEASHELLS;4032.0;9
1;30062.0;Vinnie;Remy;SEASHELLS;4032.0;4
1;30065.0;Vinnie;Vladimir;SEASHELLS;4031.0;6
1;30068.0;Remy;Vinnie;SEASHELLS;4033.0;9
1;30078.0;Remy;Vinnie;SEASHELLS;4032.0;10
1;30083.0;Vinnie;Remy;SEASHELLS;4029.0;5
1;30086.0;Vinnie;Vladimir;SEASHELLS;4029.0;3
1;30092.0;Remy;Vinnie;SEASHELLS;4030.0;5
1;30095.0;Vinnie;Remy;SEASHELLS;4028.0;9
1;30103.0;Vinnie;Vladimir;SEASHELLS;4028.0;7
1;30120.0;Vinnie;Remy;SEASHELLS;4027.0;7
1;30125.0;Vinnie;Remy;SEASHELLS;4027.0;7
1;30132.0;Remy;Vinnie;SEASHELLS;4029.0;9
1;30134.0;Vinnie;Vladimir;SEASHELLS;4027.0;10
1;30138.0;Vinnie;Vladimir;SEASHELLS;4028.0;12
1;30147.0;Vinnie;Vladimir;SEASHELLS;4029.0;4
1;30148.0;Vinnie;Vladimir;SEASHELLS;4030.0;3
1;30152.0;Vinnie;Remy;SEASHELLS;4030.0;4
1;30155.0;Remy;Vinnie;SEASHELLS;4032.0;6
1;30164.0;Vinnie;Vladimir;SEASHELLS;4030.0;12
1;30182.0;Vinnie;Vladimir;SEASHELLS;4029.0;12
1;30188.0;Vinnie;Vladimir;SEASHELLS;4029.0;9
1;30204.0;Remy;Vinnie;SEASHELLS;4033.0;7
1;30208.0;Vinnie;Remy;SEASHELLS;4030.0;9
1;30212.0;Vinnie;Remy;SEASHELLS;4031.0;5
1;30230.0;Remy;Vinnie;SEASHELLS;4033.0;4
1;30241.0;Remy;Vinnie;SEASHELLS;4035.0;7
1;30242.0;Remy;Vinnie;SEASHELLS;4036.0;6
1;30252.0;Remy;Vinnie;SEASHELLS;4036.0;10
1;30258.0;Remy;Vinnie;SEASHELLS;4035.0;6
1;30259.0;Remy;Vinnie;SEASHELLS;4035.0;9
1;30262.0;Vinnie;Remy;SEASHELLS;4034.0;9
1;30291.0;Remy;Vinnie;SEASHELLS;4037.0;7
1;30303.0;Vinnie;Remy;SEASHELLS;4036.0;10
1;30306.0;Vinnie;Vladimir;SEASHELLS;4036.0;7
1;30314.0;Vinnie;Remy;SEASHELLS;4035.0;4
1;30326.0;Vinnie;Vladimir;SEASHELLS;4034.0;3
1;30328.0;Vinnie;Remy;SEASHELLS;4034.0;4
1;30334.0;Vinnie;Vladimir;SEASHELLS;4033.0;4
1;30349.0;Remy;Vinnie;SEASHELLS;4034.0;8
1;30349.0;Vinnie;Vladimir;SEASHELLS;4033.0;11
1;30353.0;Vinnie;Vladimir;SEASHELLS;4033.0;7
1;30357.0;Remy;Vinnie;SEASHELLS;4033.0;6
1;30362.0;Remy;Vinnie;SEASHELLS;4035.0;7
1;30364.0;Vinnie;Vladimir;SEASHELLS;4035.0;12
1;30368.0;Remy;Vinnie;SEASHELLS;4037.0;7
1;30385.0;Remy;Vinnie;SEASHELLS;4038.0;6
1;30387.0;Remy;Vinnie;SEASHELLS;4038.0;7
1;30403.0;Vinnie;Remy;SEASHELLS;4037.0;4
1;30406.0;Vinnie;Vladimir;SEASHELLS;4037.0;5
1;30412.0;Vinnie;Remy;SEASHELLS;4036.0;6
1;30413.0;Vinnie;Vladimir;SEASHELLS;4036.0;10
1;30415.0;Vinnie;Vladimir;SEASHELLS;4036.0;3
1;30420.0;Vinnie;Remy;SEASHELLS;4038.0;5
1;30426.0;Vinnie;Vladimir;SEASHELLS;4038.0;12
1;30432.0;Vinnie;Remy;SEASHELLS;4036.0;6
1;30435.0;Remy;Vinnie;SEASHELLS;4037.0;6
1;30445.0;Remy;Vinnie;SEASHELLS;4039.0;4
1;30452.0;Remy;Vinnie;SEASHELLS;4039.0;8
1;30467.0;Remy;Vinnie;SEASHELLS;4038.0;10
1;30471.0;Vinnie;Vladimir;SEASHELLS;4036.0;11
1;30479.0;Vinnie;Vladimir;SEASHELLS;4036.0;10
1;30482.0;Remy;Vinnie;SEASHELLS;4038.0;7
1;30489.0;Remy;Vinnie;SEASHELLS;4036.0;8
1;30495.0;Remy;Vinnie;SEASHELLS;4036.0;8
1;30505.0;Remy;Vinnie;SEASHELLS;4038.0;9
1;30511.0;Remy;Vinnie;SEASHELLS;4039.0;6
1;30528.0;Vinnie;Vladimir;SEASHELLS;4038.0;11
1;30529.0;Vinnie;Remy;SEASHELLS;4038.0;8
1;30537.0;Vinnie;Vladimir;SEASHELLS;4036.0;5
1;30545.0;Vinnie;Vladimir;SEASHELLS;4037.0;3
1;30553.0;Vinnie;Vladimir;SEASHELLS;4039.0;6
1;30560.0;Vinnie;Remy;SEASHELLS;4038.0;9
1;30561.0;Vinnie;Vladimir;SEASHELLS;4039.0;5
1;30568.0;Vinnie;Remy;SEASHELLS;4039.0;10
1;30574.0;Vinnie;Remy;SEASHELLS;4037.0;10
1;30578.0;Vinnie;Vladimir;SEASHELLS;4037.0;11
1;30590.0;Remy;Vinnie;SEASHELLS;4038.0;8
1;30592.0;Remy;Vinnie;SEASHELLS;4038.0;7
1;30605.0;Vinnie;Vladimir;SEASHELLS;4037.0;4
1;30612.0;Vinnie;Remy;SEASHELLS;4036.0;10
1;30633.0;Vinnie;Remy;SEASHELLS;4040.0;9
1;30642.0;Vinnie;Remy;SEASHELLS;4041.0;7
1;30644.0;Vinnie;Remy;SEASHELLS;4042.0;8
1;30648.0;Vinnie;Remy;SEASHELLS;4041.0;8
1;30651.0;Remy;Vinnie;SEASHELLS;4043.0;7
1;30653.0;Vinnie;Vladimir;SEASHELLS;4042.0;12
1;30702.0;Remy;Vinnie;SEASHELLS;4041.0;4
1;30702.0;Vinnie;Vladimir;SEASHELLS;4040.0;4
1;30705.0;Vinnie;Vladimir;SEASHELLS;4039.0;5
1;30710.0;Vinnie;Vladimir;SEASHELLS;4040.0;9
1;30712.0;Remy;Vinnie;SEASHELLS;4041.0;9
1;30713.0;Remy;Vinnie;SEASHELLS;4042.0;9
1;30730.0;Remy;Vinnie;SEASHELLS;4041.0;5
1;30732.0;Vinnie;Vladimir;SEASHELLS;4040.0;4
1;30738.0;Vinnie;Vladimir;SEASHELLS;4040.0;8
1;30749.0;Vinnie;Vladimir;SEASHELLS;4039.0;12
1;30756.0;Vinnie;Remy;SEASHELLS;4039.0;4
1;30776.0;Remy;Vinnie;SEASHELLS;4038.0;8
1;30787.0;Remy;Vinnie;SEASHELLS;4039.0;7
1;30788.0;Vinnie;Vladimir;SEASHELLS;4038.0;3
1;30794.0;Remy;Vinnie;SEASHELLS;4039.0;10
1;30803.0;Vinnie;Remy;SEASHELLS;4036.0;7
1;30814.0;Remy;Vinnie;SEASHELLS;4037.0;8
1;30816.0;Vinnie;Remy;SEASHELLS;4035.0;4
1;30819.0;Vinnie;Remy;SEASHELLS;4036.0;4
1;30834.0;Remy;Vinnie;SEASHELLS;4038.0;6
1;30856.0;Remy;Vinnie;SEASHELLS;4038.0;8
1;30867.0;Vinnie;Remy;SEASHELLS;4037.0;9
1;30868.0;Remy;Vinnie;SEASHELLS;4038.0;7
1;30874.0;Vinnie;Vladimir;SEASHELLS;4037.0;10
1;30890.0;Vinnie;Vladimir;SEASHELLS;4036.0;9
1;30892.0;Remy;Vinnie;SEASHELLS;4037.0;8
1;30895.0;Remy;Vinnie;SEASHELLS;4037.0;10
1;30898.0;Remy;Vinnie;SEASHELLS;4038.0;5
1;30921.0;Vinnie;Vladimir;SEASHELLS;4033.0;10
1;30937.0;Vinnie;Vladimir;SEASHELLS;4032.0;7
1;30938.0;Vinnie;Remy;SEASHELLS;4032.0;9
1;30939.0;Remy;Vinnie;SEASHELLS;4034.0;8
1;30950.0;Vinnie;Vladimir;SEASHELLS;4032.0;12
1;30952.0;Vinnie;Vladimir;SEASHELLS;4032.0;7
1;30961.0;Vinnie;Vladimir;SEASHELLS;4031.0;5
1;30963.0;Remy;Vinnie;SEASHELLS;4031.0;5
1;30972.0;Remy;Vinnie;SEASHELLS;4031.0;9
1;30972.0;Vinnie;Vladimir;SEASHELLS;4029.0;7
1;30990.0;Remy;Vinnie;SEASHELLS;4030.0;7
1;30993.0;Remy;Vinnie;SEASHELLS;4030.0;6
1;30995.0;Vinnie;Vladimir;SEASHELLS;4028.0;9
1;31020.0;Remy;Vinnie;SEASHELLS;4029.0;4
1;31033.0;Remy;Vinnie;SEASHELLS;4028.0;7
1;31046.0;Vinnie;Remy;SEASHELLS;4027.0;7
1;31048.0;Vinnie;Vladimir;SEASHELLS;4028.0;11
1;31065.0;Vinnie;Remy;SEASHELLS;4028.0;8
1;31069.0;Vinnie;Vladimir;SEASHELLS;4028.0;6
1;31073.0;Vinnie;Vladimir;SEASHELLS;4028.0;7
1;31081.0;Vinnie;Vladimir;SEASHELLS;4027.0;10
1;31085.0;Remy;Vinnie;SEASHELLS;4028.0;8
1;31087.0;Vinnie;Vladimir;SEASHELLS;4027.0;3
1;31088.0;Remy;Vinnie;SEASHELLS;4029.0;7
1;31094.0;Vinnie;Vladimir;SEASHELLS;4029.0;11
1;31096.0;Remy;Vinnie;SEASHELLS;4030.0;6
1;31098.0;Vinnie;Vladimir;SEASHELLS;4028.0;4
1;31115.0;Vinnie;Remy;SEASHELLS;4027.0;8
1;31126.0;Vinnie;Remy;SEASHELLS;4029.0;10
1;31135.0;Vinnie;Remy;SEASHELLS;4029.0;9
1;31150.0;Vinnie;Remy;SEASHELLS;4031.0;9
1;31156.0;Vinnie;Vladimir;SEASHELLS;4031.0;3
1;31171.0;Vinnie;Remy;SEASHELLS;4030.0;4
1;31176.0;Remy;Vinnie;SEASHELLS;4031.0;7
1;31202.0;Vinnie;Remy;SEASHELLS;4033.0;9
1;31207.0;Vinnie;Remy;SEASHELLS;4031.0;9
1;31219.0;Remy;Vinnie;SEASHELLS;4034.0;5
1;31229.0;Vinnie;Remy;SEASHELLS;4033.0;5
1;31232.0;Vinnie;Vladimir;SEASHELLS;4033.0;4
1;31241.0;Vinnie;Vladimir;SEASHELLS;4032.0;4
1;31266.0;Vinnie;Vladimir;SEASHELLS;4033.0;7
1;31269.0;Remy;Vinnie;SEASHELLS;4035.0;7
1;31292.0;Vinnie;Vladimir;SEASHELLS;4032.0;11
1;31295.0;Vinnie;Vladimir;SEASHELLS;4032.0;4
1;31304.0;Vinnie;Remy;SEASHELLS;4030.0;5
1;31318.0;Remy;Vinnie;SEASHELLS;4031.0;9
1;31321.0;Vinnie;Vladimir;SEASHELLS;4030.0;10
1;31337.0;Vinnie;Remy;SEASHELLS;4031.0;4
1;31338.0;Vinnie;Remy;SEASHELLS;4031.0;9
1;31342.0;Vladimir;Remy;SEASHELLS;4031.0;7
1;31344.0;Vinnie;Remy;SEASHELLS;4031.0;4
1;31345.0;Vinnie;Remy;SEASHELLS;4030.0;8
1;31346.0;Vinnie;Vladimir;SEASHELLS;4031.0;11
1;31353.0;Remy;Vinnie;SEASHELLS;4032.0;10
1;31355.0;Vinnie;Remy;SEASHELLS;4030.0;5
1;31363.0;Vinnie;Remy;SEASHELLS;4032.0;6
1;31375.0;Vinnie;Remy;SEASHELLS;4033.0;6
1;31387.0;Vinnie;Remy;SEASHELLS;4033.0;6
1;31394.0;Vinnie;Vladimir;SEASHELLS;4034.0;8
1;31408.0;Remy;Vinnie;SEASHELLS;4034.0;8
1;31430.0;Vinnie;Remy;SEASHELLS;4032.0;4
1;31439.0;Remy;Vinnie;SEASHELLS;4033.0;8
1;31452.0;Vinnie;Vladimir;SEASHELLS;4033.0;4
1;31460.0;Remy;Vinnie;SEASHELLS;4035.0;10
1;31486.0;Vinnie;Remy;SEASHELLS;4030.0;7
1;31496.0;Vinnie;Remy;SEASHELLS;4029.0;7
1;31498.0;Vinnie;Vladimir;SEASHELLS;4029.0;9
1;31504.0;Remy;Vinnie;SEASHELLS;4030.0;4
1;31517.0;Vinnie;Vladimir;SEASHELLS;4028.0;8
1;31518.0;Vinnie;Vladimir;SEASHELLS;4028.0;7
1;31519.0;Vinnie;Remy;SEASHELLS;4028.0;6
1;31519.0;Vinnie;Vladimir;SEASHELLS;4028.0;8
1;31520.0;Vinnie;Vladimir;SEASHELLS;4028.0;9
1;31525.0;Vinnie;Vladimir;SEASHELLS;4027.0;7
1;31530.0;Remy;Vinnie;SEASHELLS;4028.0;7
1;31531.0;Vinnie;Remy;SEASHELLS;4026.0;6
1;31544.0;Vinnie;Remy;SEASHELLS;4024.0;9
1;31548.0;Remy;Vinnie;SEASHELLS;4025.0;7
1;31552.0;Remy;Vinnie;SEASHELLS;4026.0;5
1;31557.0;Vinnie;Vladimir;SEASHELLS;4025.0;11
1;31578.0;Vinnie;Remy;SEASHELLS;4024.0;9
1;31614.0;Remy;Vinnie;SEASHELLS;4029.0;8
1;31618.0;Vinnie;Vladimir;SEASHELLS;4029.0;3
1;31622.0;Vinnie;Vladimir;SEASHELLS;4028.0;5
1;31626.0;Vinnie;Remy;SEASHELLS;4030.0;7
1;31640.0;Remy;Vinnie;SEASHELLS;4029.0;4
1;31650.0;Vinnie;Remy;SEASHELLS;4029.0;8
1;31662.0;Vinnie;Remy;SEASHELLS;4031.0;8
1;31663.0;Vinnie;Remy;SEASHELLS;4031.0;7
1;31686.0;Remy;Vinnie;SEASHELLS;4031.0;8
1;31698.0;Vinnie;Vladimir;SEASHELLS;4030.0;3
1;31713.0;Vinnie;Vladimir;SEASHELLS;4030.0;12
1;31715.0;Vinnie;Remy;SEASHELLS;4028.0;4
1;31716.0;Vinnie;Vladimir;SEASHELLS;4028.0;3
1;31726.0;Vinnie;Remy;SEASHELLS;4031.0;7
1;31728.0;Vinnie;Vladimir;SEASHELLS;4031.0;10
1;31734.0;Vinnie;Vladimir;SEASHELLS;4029.0;4
1;31738.0;Vinnie;Vladimir;SEASHELLS;4028.0;6
1;31751.0;Remy;Vinnie;SEASHELLS;4030.0;8
1;31752.0;Vinnie;Vladimir;SEASHELLS;4029.0;8
1;31760.0;Vinnie;Remy;SEASHELLS;4029.0;10
1;31776.0;Vinnie;Remy;SEASHELLS;4032.0;7
1;31781.0;Vinnie;Remy;SEASHELLS;4031.0;6
1;31783.0;Remy;Vinnie;SEASHELLS;4031.0;10
1;31791.0;Vinnie;Vladimir;SEASHELLS;4029.0;4
1;31794.0;Remy;Vinnie;SEASHELLS;4031.0;10
1;31797.0;Vinnie;Remy;SEASHELLS;4029.0;7
1;31800.0;Vinnie;Remy;SEASHELLS;4028.0;4
1;31807.0;Vinnie;Remy;SEASHELLS;4028.0;8
1;31813.0;Vinnie;Vladimir;SEASHELLS;4028.0;3
1;31818.0;Remy;Vinnie;SEASHELLS;4030.0;10
1;31835.0;Vinnie;Remy;SEASHELLS;4032.0;8
1;31855.0;Vinnie;Vladimir;SEASHELLS;4032.0;12
1;31869.0;Remy;Vinnie;SEASHELLS;4031.0;4
1;31878.0;Vinnie;Vladimir;SEASHELLS;4029.0;3
1;31895.0;Remy;Vinnie;SEASHELLS;4030.0;8
1;31897.0;Vinnie;Remy;SEASHELLS;4028.0;6
1;31898.0;Vinnie;Remy;SEASHELLS;4028.0;5
1;31899.0;Vinnie;Vladimir;SEASHELLS;4028.0;8
1;31914.0;Remy;Vinnie;SEASHELLS;4028.0;7
1;31919.0;Remy;Vinnie;SEASHELLS;4028.0;5
1;31950.0;Vinnie;Remy;SEASHELLS;4025.0;10
1;31958.0;Vinnie;Vladimir;SEASHELLS;4025.0;3
1;31961.0;Vinnie;Vladimir;SEASHELLS;4026.0;9
1;31976.0;Vinnie;Remy;SEASHELLS;4029.0;8
1;31978.0;Vinnie;Vladimir;SEASHELLS;4030.0;8
1;31983.0;Remy;Vinnie;SEASHELLS;4031.0;4
1;31988.0;Vinnie;Remy;SEASHELLS;4030.0;6
1;31995.0;Vinnie;Remy;SEASHELLS;4030.0;9
1;31996.0;Remy;Vinnie;SEASHELLS;4032.0;4
1;32003.0;Remy;Vinnie;SEASHELLS;4032.0;8
1;32004.0;Vinnie;Remy;SEASHELLS;4031.0;8
1;32051.0;Remy;Vinnie;SEASHELLS;4030.0;9
1;32053.0;Vinnie;Vladimir;SEASHELLS;4029.0;9
1;32055.0;Remy;Vinnie;SEASHELLS;4030.0;8
1;32064.0;Vinnie;Vladimir;SEASHELLS;4027.0;10
1;32066.0;Vinnie;Remy;SEASHELLS;4027.0;5
1;32098.0;Remy;Vinnie;SEASHELLS;4027.0;10
1;32099.0;Vinnie;Vladimir;SEASHELLS;4026.0;4
1;32102.0;Remy;Vinnie;SEASHELLS;4028.0;10
1;32137.0;Vinnie;Remy;SEASHELLS;4032.0;10
1;32155.0;Vinnie;Remy;SEASHELLS;4032.0;9
1;32158.0;Vinnie;Vladimir;SEASHELLS;4033.0;3
1;32165.0;Remy;Vinnie;SEASHELLS;4033.0;6
1;32197.0;Vinnie;Remy;SEASHELLS;4030.0;7
1;32201.0;Vinnie;Remy;SEASHELLS;4031.0;7
1;32215.0;Vinnie;Remy;SEASHELLS;4033.0;4
1;32228.0;Remy;Vinnie;SEASHELLS;4034.0;5
1;32239.0;Vinnie;Remy;SEASHELLS;4031.0;7
1;32248.0;Remy;Vinnie;SEASHELLS;4033.0;6
1;32251.0;Vinnie;Remy;SEASHELLS;4032.0;5
1;32258.0;Vinnie;Remy;SEASHELLS;4032.0;10
1;32265.0;Remy;Vinnie;SEASHELLS;4033.0;4
1;32295.0;Vinnie;Vladimir;SEASHELLS;4031.0;7
1;32306.0;Vinnie;Remy;SEASHELLS;4031.0;9
1;32333.0;Remy;Vinnie;SEASHELLS;4036.0;5
1;32340.0;Vinnie;Remy;SEASHELLS;4035.0;5
1;32342.0;Remy;Vinnie;SEASHELLS;4035.0;9
1;32347.0;Remy;Vinnie;SEASHELLS;4036.0;8
1;32353.0;Vinnie;Vladimir;SEASHELLS;4036.0;11
1;32359.0;Vinnie;Remy;SEASHELLS;4035.0;7
1;32363.0;Vinnie;Vladimir;SEASHELLS;4036.0;5
1;32385.0;Vinnie;Vladimir;SEASHELLS;4034.0;3
1;32399.0;Remy;Vinnie;SEASHELLS;4036.0;10
1;32406.0;Remy;Vinnie;SEASHELLS;4036.0;7
1;32420.0;Vinnie;Vladimir;SEASHELLS;4036.0;3
1;32421.0;Remy;Vinnie;SEASHELLS;4038.0;10
1;32432.0;Vinnie;Vladimir;SEASHELLS;4036.0;7
1;32449.0;Vinnie;Remy;SEASHELLS;4036.0;8
1;32450.0;Vinnie;Vladimir;SEASHELLS;4036.0;12
1;32451.0;Vinnie;Remy;SEASHELLS;4036.0;6
1;32455.0;Vinnie;Vladimir;SEASHELLS;4036.0;3
1;32457.0;Vinnie;Remy;SEASHELLS;4036.0;4
1;32473.0;Remy;Vinnie;SEASHELLS;4036.0;4
1;32474.0;Vinnie;Vladimir;SEASHELLS;4035.0;12
1;32475.0;Remy;Vinnie;SEASHELLS;4036.0;9
1;32476.0;Remy;Vinnie;SEASHELLS;4037.0;5
1;32494.0;Vinnie;Vladimir;SEASHELLS;4038.0;7
1;32511.0;Remy;Vinnie;SEASHELLS;4038.0;5
1;32519.0;Vinnie;Vladimir;SEASHELLS;4036.0;8
1;32523.0;Remy;Vinnie;SEASHELLS;4038.0;4
1;32539.0;Remy;Vinnie;SEASHELLS;4039.0;6
1;32543.0;Vinnie;Remy;SEASHELLS;4036.0;9
1;32546.0;Vinnie;Remy;SEASHELLS;4035.0;8
1;32551.0;Vinnie;Remy;SEASHELLS;4036.0;10
1;32561.0;Vinnie;Vladimir;SEASHELLS;4036.0;7
1;32562.0;Vinnie;Remy;SEASHELLS;4037.0;8
1;32573.0;Vinnie;Vladimir;SEASHELLS;4038.0;4
1;32609.0;Remy;Vinnie;SEASHELLS;4036.0;7
1;32631.0;Vinnie;Vladimir;SEASHELLS;4034.0;11
1;32632.0;Vinnie;Vladimir;SEASHELLS;4033.0;8
1;32632.0;Vinnie;Remy;SEASHELLS;4033.0;9
1;32645.0;Remy;Vinnie;SEASHELLS;4035.0;7
1;32651.0;Vinnie;Remy;SEASHELLS;4034.0;10
1;32654.0;Vinnie;Vladimir;SEASHELLS;4033.0;11
1;32654.0;Vinnie;Remy;SEASHELLS;4033.0;10
1;32681.0;Vinnie;Remy;SEASHELLS;4035.0;7
1;32688.0;Vinnie;Vladimir;SEASHELLS;4035.0;3
1;32690.0;Remy;Vinnie;SEASHELLS;4038.0;5
1;32711.0;Vinnie;Remy;SEASHELLS;4034.0;10
1;32713.0;Remy;Vinnie;SEASHELLS;4035.0;5
1;32718.0;Remy;Vinnie;SEASHELLS;4034.0;10
1;32724.0;Vinnie;Vladimir;SEASHELLS;4034.0;9
1;32728.0;Remy;Vinnie;SEASHELLS;4035.0;5
1;32729.0;Remy;Vinnie;SEASHELLS;4034.0;7
1;32730.0;Vinnie;Vladimir;SEASHELLS;4033.0;4
1;32732.0;Vinnie;Remy;SEASHELLS;4033.0;5
1;32736.0;Vinnie;Vladimir;SEASHELLS;4035.0;11
1;32738.0;Remy;Vinnie;SEASHELLS;4037.0;9
1;32741.0;Remy;Vinnie;SEASHELLS;4037.0;9
1;32745.0;Remy;Vinnie;SEASHELLS;4036.0;4
1;32748.0;Vinnie;Vladimir;SEASHELLS;4035.0;11
1;32776.0;Remy;Vinnie;SEASHELLS;4037.0;10
1;32812.0;Remy;Vinnie;SEASHELLS;4039.0;9
1;32813.0;Remy;Vinnie;SEASHELLS;4039.0;7
1;32843.0;Vinnie;Remy;SEASHELLS;4039.0;6
1;32844.0;Remy;Vinnie;SEASHELLS;4040.0;6
1;32867.0;Vinnie;Vladimir;SEASHELLS;4039.0;8
1;32882.0;Vinnie;Vladimir;SEASHELLS;4039.0;6
1;32889.0;Remy;Vinnie;SEASHELLS;4040.0;8
1;32892.0;Vinnie;Remy;SEASHELLS;4038.0;7
1;32897.0;Remy;Vinnie;SEASHELLS;4039.0;5
1;32908.0;Vinnie;Vladimir;SEASHELLS;4040.0;6
1;32926.0;Remy;Vinnie;SEASHELLS;4042.0;5
1;32939.0;Remy;Vinnie;SEASHELLS;4040.0;4
1;32942.0;Vinnie;Vladimir;SEASHELLS;4038.0;10
1;32943.0;Remy;Vinnie;SEASHELLS;4041.0;10
1;32958.0;Vinnie;Remy;SEASHELLS;4039.0;5
1;32961.0;Vladimir;Remy;SEASHELLS;4039.0;5
1;32971.0;Remy;Vinnie;SEASHELLS;4041.0;4
1;32974.0;Remy;Vinnie;SEASHELLS;4041.0;10
1;32979.0;Vinnie;Remy;SEASHELLS;4038.0;8
1;32990.0;Vinnie;Vladimir;SEASHELLS;4038.0;9
1;33000.0;Vinnie;Vladimir;SEASHELLS;4039.0;12
1;33007.0;Vinnie;Remy;SEASHELLS;4041.0;5
1;33014.0;Vinnie;Vladimir;SEASHELLS;4041.0;4
1;33019.0;Vinnie;Vladimir;SEASHELLS;4041.0;5
1;33023.0;Vinnie;Vladimir;SEASHELLS;4043.0;9
1;33030.0;Vinnie;Vladimir;SEASHELLS;4042.0;3
1;33031.0;Vinnie;Remy;SEASHELLS;4042.0;5
1;33033.0;Vinnie;Vladimir;SEASHELLS;4041.0;9
1;33037.0;Vinnie;Remy;SEASHELLS;4040.0;7
1;33047.0;Vinnie;Vladimir;SEASHELLS;4039.0;12
1;33051.0;Vinnie;Remy;SEASHELLS;4039.0;7
1;33053.0;Remy;Vinnie;SEASHELLS;4041.0;5
1;33054.0;Remy;Vinnie;SEASHELLS;4041.0;9
1;33057.0;Remy;Vinnie;SEASHELLS;4041.0;5
1;33060.0;Vinnie;Vladimir;SEASHELLS;4040.0;11
1;33072.0;Vinnie;Remy;SEASHELLS;4040.0;4
1;33079.0;Vinnie;Remy;SEASHELLS;4039.0;6
1;33080.0;Remy;Vinnie;SEASHELLS;4040.0;8
1;33088.0;Vinnie;Remy;SEASHELLS;4039.0;4
1;33098.0;Vinnie;Remy;SEASHELLS;4039.0;7
1;33112.0;Remy;Vinnie;SEASHELLS;4044.0;8
1;33126.0;Remy;Vinnie;SEASHELLS;4043.0;4
1;33140.0;Vinnie;Vladimir;SEASHELLS;4041.0;7
1;33145.0;Vinnie;Vladimir;SEASHELLS;4042.0;12
1;33145.0;Remy;Vinnie;SEASHELLS;4043.0;9
1;33176.0;Vinnie;Vladimir;SEASHELLS;4042.0;9
1;33184.0;Vinnie;Vladimir;SEASHELLS;4039.0;9
1;33193.0;Vinnie;Vladimir;SEASHELLS;4040.0;8
1;33196.0;Vinnie;Remy;SEASHELLS;4041.0;5
1;33196.0;Vinnie;Vladimir;SEASHELLS;4041.0;7
1;33200.0;Vinnie;Vladimir;SEASHELLS;4041.0;5
1;33205.0;Vinnie;Remy;SEASHELLS;4041.0;8
1;33220.0;Vinnie;Vladimir;SEASHELLS;4041.0;10
1;33222.0;Vinnie;Vladimir;SEASHELLS;4041.0;3
1;33230.0;Vinnie;Remy;SEASHELLS;4040.0;6
1;33246.0;Vinnie;Vladimir;SEASHELLS;4041.0;11
1;33249.0;Vinnie;Vladimir;SEASHELLS;4042.0;8
1;33253.0;Vinnie;Remy;SEASHELLS;4043.0;10
1;33273.0;Vinnie;Vladimir;SEASHELLS;4045.0;9
1;33279.0;Vinnie;Remy;SEASHELLS;4047.0;9
1;33294.0;Vinnie;Remy;SEASHELLS;4046.0;10
1;33314.0;Remy;Vinnie;SEASHELLS;4046.0;10
1;33330.0;Vinnie;Remy;SEASHELLS;4048.0;9
1;33333.0;Vinnie;Remy;SEASHELLS;4047.0;6
1;33339.0;Vinnie;Vladimir;SEASHELLS;4047.0;6
1;33349.0;Vinnie;Remy;SEASHELLS;4049.0;5
1;33350.0;Vinnie;Remy;SEASHELLS;4049.0;5
1;33353.0;Vinnie;Remy;SEASHELLS;4050.0;10
1;33367.0;Remy;Vinnie;SEASHELLS;4051.0;5
1;33368.0;Vinnie;Remy;SEASHELLS;4050.0;4
1;33423.0;Remy;Vinnie;SEASHELLS;4054.0;6
1;33425.0;Remy;Vinnie;SEASHELLS;4052.0;9
1;33427.0;Vinnie;Remy;SEASHELLS;4051.0;8
1;33430.0;Vinnie;Remy;SEASHELLS;4051.0;10
1;33437.0;Vinnie;Remy;SEASHELLS;4052.0;10
1;33447.0;Vinnie;Remy;SEASHELLS;4052.0;5
1;33450.0;Vinnie;Remy;SEASHELLS;4052.0;8
1;33458.0;Vinnie;Vladimir;SEASHELLS;4053.0;4
1;33479.0;Vinnie;Vladimir;SEASHELLS;4054.0;3
1;33488.0;Remy;Vinnie;SEASHELLS;4056.0;5
1;33489.0;Vinnie;Remy;SEASHELLS;4054.0;9
1;33490.0;Vinnie;Vladimir;SEASHELLS;4053.0;7
1;33499.0;Vinnie;Remy;SEASHELLS;4055.0;6
1;33500.0;Vinnie;Remy;SEASHELLS;4055.0;7
1;33510.0;Vinnie;Vladimir;SEASHELLS;4051.0;7
1;33518.0;Vinnie;Vladimir;SEASHELLS;4051.0;6
1;33524.0;Vinnie;Remy;SEASHELLS;4051.0;5
1;33530.0;Vinnie;Vladimir;SEASHELLS;4051.0;5
1;33538.0;Vinnie;Remy;SEASHELLS;4049.0;5
1;33544.0;Remy;Vinnie;SEASHELLS;4050.0;9
1;33551.0;Vinnie;Remy;SEASHELLS;4049.0;5
1;33561.0;Vinnie;Remy;SEASHELLS;4050.0;4
1;33563.0;Remy;Vinnie;SEASHELLS;4052.0;5
1;33566.0;Vinnie;Remy;SEASHELLS;4051.0;4
1;33567.0;Vinnie;Remy;SEASHELLS;4051.0;10
1;33580.0;Vinnie;Remy;SEASHELLS;4051.0;4
1;33586.0;Vinnie;Remy;SEASHELLS;4052.0;7
1;33594.0;Vinnie;Vladimir;SEASHELLS;4050.0;12
1;33602.0;Vinnie;Vladimir;SEASHELLS;4051.0;3
1;33608.0;Remy;Vinnie;SEASHELLS;4052.0;4
1;33612.0;Remy;Vinnie;SEASHELLS;4052.0;10
1;33661.0;Vinnie;Vladimir;SEASHELLS;4053.0;10
1;33663.0;Remy;Vinnie;SEASHELLS;4055.0;8
1;33667.0;Vinnie;Remy;SEASHELLS;4055.0;10
1;33675.0;Remy;Vinnie;SEASHELLS;4057.0;9
1;33675.0;Vinnie;Vladimir;SEASHELLS;4056.0;12
1;33689.0;Remy;Vinnie;SEASHELLS;4059.0;8
1;33690.0;Remy;Vinnie;SEASHELLS;4059.0;9
1;33694.0;Vinnie;Vladimir;SEASHELLS;4057.0;9
1;33696.0;Remy;Vinnie;SEASHELLS;4058.0;5
1;33700.0;Vinnie;Remy;SEASHELLS;4058.0;4
1;33707.0;Remy;Vinnie;SEASHELLS;4061.0;7
1;33728.0;Vinnie;Remy;SEASHELLS;4059.0;4
1;33744.0;Vinnie;Vladimir;SEASHELLS;4059.0;3
1;33749.0;Vinnie;Remy;SEASHELLS;4058.0;10
1;33762.0;Remy;Vinnie;SEASHELLS;4060.0;6
1;33778.0;Vinnie;Remy;SEASHELLS;4059.0;7
1;33781.0;Vinnie;Vladimir;SEASHELLS;4059.0;7
1;33788.0;Vinnie;Remy;SEASHELLS;4060.0;6
1;33797.0;Vinnie;Vladimir;SEASHELLS;4058.0;12
1;33797.0;Vinnie;Remy;SEASHELLS;4058.0;5
1;33824.0;Vinnie;Vladimir;SEASHELLS;4057.0;4
1;33825.0;Vinnie;Vladimir;SEASHELLS;4057.0;9
1;33847.0;Vinnie;Remy;SEASHELLS;4055.0;5
1;33855.0;Remy;Vinnie;SEASHELLS;4056.0;9
1;33863.0;Vinnie;Remy;SEASHELLS;4054.0;6
1;33870.0;Remy;Vinnie;SEASHELLS;4057.0;10
1;33889.0;Remy;Vinnie;SEASHELLS;4059.0;4
1;33891.0;Vinnie;Vladimir;SEASHELLS;4058.0;7
1;33891.0;Remy;Vinnie;SEASHELLS;4059.0;7
1;33898.0;Remy;Vinnie;SEASHELLS;4058.0;6
1;33900.0;Remy;Vinnie;SEASHELLS;4058.0;4
1;33901.0;Vinnie;Vladimir;SEASHELLS;4057.0;8
1;33906.0;Vinnie;Remy;SEASHELLS;4058.0;9
1;33910.0;Remy;Vinnie;SEASHELLS;4059.0;4
1;33917.0;Remy;Vinnie;SEASHELLS;4059.0;5
1;33917.0;Vinnie;Vladimir;SEASHELLS;4058.0;3
1;33949.0;Vinnie;Vladimir;SEASHELLS;4058.0;8
1;33953.0;Vinnie;Vladimir;SEASHELLS;4057.0;10
1;33959.0;Vinnie;Vladimir;SEASHELLS;4058.0;4
1;33964.0;Vinnie;Remy;SEASHELLS;4058.0;5
1;33968.0;Vinnie;Vladimir;SEASHELLS;4059.0;5
1;33969.0;Vinnie;Remy;SEASHELLS;4059.0;6
1;33986.0;Vinnie;Remy;SEASHELLS;4060.0;8
1;33998.0;Remy;Vinnie;SEASHELLS;4061.0;8
1;34010.0;Remy;Vladimir;SEASHELLS;4060.0;5
1;34013.0;Vinnie;Vladimir;SEASHELLS;4058.0;11
1;34014.0;Vinnie;Remy;SEASHELLS;4058.0;5
1;34018.0;Remy;Vinnie;SEASHELLS;4059.0;4
1;34025.0;Vinnie;Remy;SEASHELLS;4057.0;10
1;34027.0;Vinnie;Vladimir;SEASHELLS;4058.0;3
1;34036.0;Vinnie;Vladimir;SEASHELLS;4058.0;12
1;34040.0;Vinnie;Vladimir;SEASHELLS;4059.0;10
1;34042.0;Vinnie;Vladimir;SEASHELLS;4059.0;10
1;34059.0;Vinnie;Remy;SEASHELLS;4059.0;7
1;34060.0;Vinnie;Vladimir;SEASHELLS;4059.0;7
1;34068.0;Vinnie;Remy;SEASHELLS;4059.0;9
1;34082.0;Vinnie;Vladimir;SEASHELLS;4062.0;3
1;34105.0;Remy;Vinnie;SEASHELLS;4061.0;4
1;34105.0;Vinnie;Vladimir;SEASHELLS;4060.0;4
1;34112.0;Vinnie;Remy;SEASHELLS;4060.0;7
1;34120.0;Vinnie;Remy;SEASHELLS;4059.0;8
1;34125.0;Vinnie;Vladimir;SEASHELLS;4059.0;10
1;34127.0;Vinnie;Vladimir;SEASHELLS;4060.0;12
1;34141.0;Remy;Vinnie;SEASHELLS;4061.0;9
1;34143.0;Vinnie;Vladimir;SEASHELLS;4059.0;4
1;34146.0;Vinnie;Vladimir;SEASHELLS;4060.0;3
1;34150.0;Vinnie;Vladimir;SEASHELLS;4059.0;9
1;34154.0;Remy;Vinnie;SEASHELLS;4060.0;10
1;34156.0;Remy;Vinnie;SEASHELLS;4060.0;9
1;34158.0;Vinnie;Vladimir;SEASHELLS;4059.0;3
1;34165.0;Vinnie;Remy;SEASHELLS;4059.0;8
1;34173.0;Vinnie;Vladimir;SEASHELLS;4059.0;8
1;34192.0;Vinnie;Remy;SEASHELLS;4059.0;7
1;34200.0;Remy;Vinnie;SEASHELLS;4062.0;7
1;34205.0;Remy;Vinnie;SEASHELLS;4062.0;10
1;34222.0;Remy;Vinnie;SEASHELLS;4062.0;8
1;34225.0;Remy;Vinnie;SEASHELLS;4062.0;4
1;34231.0;Vinnie;Vladimir;SEASHELLS;4061.0;7
1;34237.0;Remy;Vinnie;SEASHELLS;4063.0;4
1;34240.0;Vinnie;Vladimir;SEASHELLS;4061.0;7
1;34241.0;Vinnie;Vladimir;SEASHELLS;4061.0;8
1;34246.0;Remy;Vinnie;SEASHELLS;4062.0;6
1;34250.0;Vinnie;Vladimir;SEASHELLS;4060.0;5
1;34260.0;Vinnie;Vladimir;SEASHELLS;4059.0;4
1;34263.0;Remy;Vinnie;SEASHELLS;4060.0;7
1;34276.0;Vinnie;Remy;SEASHELLS;4058.0;4
1;34280.0;Vinnie;Vladimir;SEASHELLS;4059.0;4
1;34281.0;Vinnie;Vladimir;SEASHELLS;4059.0;9
1;34282.0;Vinnie;Remy;SEASHELLS;4059.0;7
1;34296.0;Vinnie;Vladimir;SEASHELLS;4058.0;7
1;34296.0;Vinnie;Remy;SEASHELLS;4058.0;9
1;34303.0;Vinnie;Remy;SEASHELLS;4059.0;9
1;34308.0;Remy;Vinnie;SEASHELLS;4062.0;9
1;34311.0;Remy;Vinnie;SEASHELLS;4061.0;7
1;34313.0;Remy;Vinnie;SEASHELLS;4061.0;7
1;34326.0;Vinnie;Remy;SEASHELLS;4055.0;6
1;34343.0;Remy;Vinnie;SEASHELLS;4058.0;6
1;34360.0;Vinnie;Remy;SEASHELLS;4057.0;9
1;34362.0;Remy;Vinnie;SEASHELLS;4058.0;6
1;34365.0;Vinnie;Remy;SEASHELLS;4057.0;8
1;34400.0;Remy;Vinnie;SEASHELLS;4066.0;9
1;34401.0;Vinnie;Vladimir;SEASHELLS;4064.0;3
1;34411.0;Vinnie;Remy;SEASHELLS;4062.0;4
1;34415.0;Vinnie;Remy;SEASHELLS;4061.0;4
1;34422.0;Vinnie;Remy;SEASHELLS;4060.0;7
1;34428.0;Vinnie;Vladimir;SEASHELLS;4060.0;9
1;34441.0;Vinnie;Remy;SEASHELLS;4061.0;8
1;34447.0;Vinnie;Remy;SEASHELLS;4062.0;6
1;34460.0;Vinnie;Vladimir;SEASHELLS;4060.0;5
1;34472.0;Vinnie;Vladimir;SEASHELLS;4060.0;5
1;34476.0;Remy;Vinnie;SEASHELLS;4061.0;6
1;34497.0;Vinnie;Vladimir;SEASHELLS;4060.0;8
1;34501.0;Vinnie;Remy;SEASHELLS;4060.0;9
1;34510.0;Vinnie;Vladimir;SEASHELLS;4059.0;12
1;34533.0;Vinnie;Vladimir;SEASHELLS;4059.0;3
1;34541.0;Remy;Vinnie;SEASHELLS;4060.0;6
1;34543.0;Vinnie;Vladimir;SEASHELLS;4059.0;5
1;34545.0;Vinnie;Remy;SEASHELLS;4059.0;7
1;34558.0;Remy;Vinnie;SEASHELLS;4062.0;10
1;34566.0;Vinnie;Vladimir;SEASHELLS;4063.0;7
1;34568.0;Vinnie;Remy;SEASHELLS;4063.0;10
1;34573.0;Remy;Vinnie;SEASHELLS;4064.0;9
1;34573.0;Vinnie;Vladimir;SEASHELLS;4063.0;7
1;34574.0;Vinnie;Vladimir;SEASHELLS;4063.0;3
1;34589.0;Remy;Vinnie;SEASHELLS;4065.0;8
1;34607.0;Vinnie;Vladimir;SEASHELLS;4062.0;8
1;34626.0;Remy;Vinnie;SEASHELLS;4063.0;9
1;34648.0;Vinnie;Remy;SEASHELLS;4063.0;5
1;34671.0;Vinnie;Remy;SEASHELLS;4065.0;7
1;34689.0;Vinnie;Vladimir;SEASHELLS;4067.0;11
1;34695.0;Vinnie;Vladimir;SEASHELLS;4066.0;3
1;34702.0;Vinnie;Vladimir;SEASHELLS;4068.0;7
1;34711.0;Vinnie;Remy;SEASHELLS;4069.0;8
1;34712.0;Vinnie;Vladimir;SEASHELLS;4069.0;5
1;34714.0;Vinnie;Vladimir;SEASHELLS;4069.0;9
1;34728.0;Vinnie;Vladimir;SEASHELLS;4069.0;4
1;34729.0;Vinnie;Vladimir;SEASHELLS;4070.0;5
1;34730.0;Remy;Vinnie;SEASHELLS;4071.0;7
1;34731.0;Remy;Vinnie;SEASHELLS;4071.0;6
1;34735.0;Vinnie;Vladimir;SEASHELLS;4071.0;6
1;34757.0;Remy;Vinnie;SEASHELLS;4070.0;7
1;34759.0;Remy;Vinnie;SEASHELLS;4071.0;9
1;34760.0;Vinnie;Vladimir;SEASHELLS;4069.0;12
1;34770.0;Vinnie;Remy;SEASHELLS;4068.0;7
1;34776.0;Vinnie;Remy;SEASHELLS;4070.0;6
1;34779.0;Vinnie;Remy;SEASHELLS;4071.0;8
1;34786.0;Remy;Vinnie;SEASHELLS;4073.0;9
1;34803.0;Remy;Vinnie;SEASHELLS;4073.0;10
1;34805.0;Remy;Vinnie;SEASHELLS;4073.0;7
1;34807.0;Vinnie;Vladimir;SEASHELLS;4072.0;7
1;34818.0;Remy;Vinnie;SEASHELLS;4072.0;4
1;34826.0;Vinnie;Remy;SEASHELLS;4073.0;9
1;34827.0;Vinnie;Vladimir;SEASHELLS;4073.0;12
1;34839.0;Remy;Vinnie;SEASHELLS;4075.0;10
1;34843.0;Vinnie;Remy;SEASHELLS;4072.0;10
1;34852.0;Remy;Vinnie;SEASHELLS;4076.0;5
1;34868.0;Remy;Vinnie;SEASHELLS;4076.0;9
1;34877.0;Vinnie;Remy;SEASHELLS;4074.0;6
1;34893.0;Vinnie;Remy;SEASHELLS;4072.0;8
1;34910.0;Remy;Vinnie;SEASHELLS;4073.0;5
1;34910.0;Vinnie;Vladimir;SEASHELLS;4071.0;6
1;34927.0;Remy;Vinnie;SEASHELLS;4073.0;9
1;34937.0;Vinnie;Remy;SEASHELLS;4071.0;9
1;34939.0;Vinnie;Remy;SEASHELLS;4072.0;6
1;34941.0;Remy;Vinnie;SEASHELLS;4073.0;5
1;34944.0;Remy;Vinnie;SEASHELLS;4073.0;10
1;34944.0;Vinnie;Vladimir;SEASHELLS;4072.0;9
1;34962.0;Vinnie;Vladimir;SEASHELLS;4072.0;11
1;34995.0;Remy;Vinnie;SEASHELLS;4077.0;6
1;34997.0;Vinnie;Vladimir;SEASHELLS;4075.0;7
1;34998.0;Vinnie;Remy;SEASHELLS;4075.0;10
1;35005.0;Vinnie;Remy;SEASHELLS;4074.0;7
1;35028.0;Vinnie;Remy;SEASHELLS;4075.0;10
1;35038.0;Remy;Vinnie;SEASHELLS;4074.0;6
1;35062.0;Remy;Vinnie;SEASHELLS;4076.0;9
1;35063.0;Vinnie;Vladimir;SEASHELLS;4075.0;8
1;35066.0;Remy;Vinnie;SEASHELLS;4076.0;5
1;35074.0;Remy;Vinnie;SEASHELLS;4075.0;5
1;35080.0;Vinnie;Remy;SEASHELLS;4075.0;6
1;35087.0;Remy;Vinnie;SEASHELLS;4076.0;9
1;35093.0;Remy;Vinnie;SEASHELLS;4076.0;8
1;35094.0;Remy;Vinnie;SEASHELLS;4077.0;7
1;35097.0;Vladimir;Remy;SEASHELLS;4075.0;8
1;35098.0;Vinnie;Vladimir;SEASHELLS;4074.0;3
1;35118.0;Vinnie;Vladimir;SEASHELLS;4072.0;4
1;35128.0;Vinnie;Vladimir;SEASHELLS;4071.0;7
1;35145.0;Vinnie;Remy;SEASHELLS;4072.0;7
1;35149.0;Remy;Vinnie;SEASHELLS;4075.0;6
1;35175.0;Remy;Vinnie;SEASHELLS;4075.0;5
1;35177.0;Vinnie;Vladimir;SEASHELLS;4074.0;10
1;35177.0;Remy;Vinnie;SEASHELLS;4076.0;4
1;35188.0;Vinnie;Remy;SEASHELLS;4073.0;8
1;35189.0;Vinnie;Vladimir;SEASHELLS;4073.0;6
1;35207.0;Vinnie;Vladimir;SEASHELLS;4073.0;4
1;35215.0;Remy;Vinnie;SEASHELLS;4074.0;8
1;35218.0;Vinnie;Vladimir;SEASHELLS;4073.0;10
1;35218.0;Vinnie;Remy;SEASHELLS;4073.0;10
1;35252.0;Remy;Vladimir;SEASHELLS;4075.0;4
1;35272.0;Remy;Vinnie;SEASHELLS;4078.0;8
1;35296.0;Vinnie;Remy;SEASHELLS;4077.0;7
1;35329.0;Vinnie;Remy;SEASHELLS;4073.0;9
1;35331.0;Vinnie;Remy;SEASHELLS;4074.0;5
1;35339.0;Remy;Vinnie;SEASHELLS;4076.0;4
1;35344.0;Vinnie;Vladimir;SEASHELLS;4074.0;9
1;35351.0;Remy;Vinnie;SEASHELLS;4076.0;5
1;35354.0;Vinnie;Remy;SEASHELLS;4076.0;8
1;35355.0;Remy;Vinnie;SEASHELLS;4078.0;10
1;35408.0;Vinnie;Remy;SEASHELLS;4076.0;6
1;35421.0;Remy;Vinnie;SEASHELLS;4079.0;4
1;35425.0;Remy;Vinnie;SEASHELLS;4079.0;9
1;35440.0;Vinnie;Remy;SEASHELLS;4079.0;10
1;35459.0;Vinnie;Vladimir;SEASHELLS;4080.0;5
1;35474.0;Remy;Vinnie;SEASHELLS;4080.0;4
1;35499.0;Vinnie;Vladimir;SEASHELLS;4075.0;3
1;35500.0;Remy;Vinnie;SEASHELLS;4075.0;5
1;35515.0;Vinnie;Vladimir;SEASHELLS;4076.0;12
1;35517.0;Remy;Vinnie;SEASHELLS;4078.0;5
1;35531.0;Vinnie;Vladimir;SEASHELLS;4077.0;9
1;35535.0;Vinnie;Vladimir;SEASHELLS;4076.0;8
1;35551.0;Vinnie;Remy;SEASHELLS;4077.0;6
1;35563.0;Remy;Vinnie;SEASHELLS;4078.0;6
1;35567.0;Vinnie;Remy;SEASHELLS;4078.0;4
1;35568.0;Vinnie;Remy;SEASHELLS;4077.0;8
1;35577.0;Remy;Vinnie;SEASHELLS;4078.0;6
1;35582.0;Remy;Vinnie;SEASHELLS;4078.0;4
1;35586.0;Vinnie;Remy;SEASHELLS;4077.0;7
1;35602.0;Remy;Vinnie;SEASHELLS;4080.0;5
1;35603.0;Vinnie;Remy;SEASHELLS;4078.0;5
1;35609.0;Vinnie;Remy;SEASHELLS;4078.0;4
1;35613.0;Remy;Vinnie;SEASHELLS;4080.0;5
1;35622.0;Remy;Vinnie;SEASHELLS;4080.0;8
1;35628.0;Vinnie;Remy;SEASHELLS;4077.0;6
1;35632.0;Vinnie;Remy;SEASHELLS;4078.0;10
1;35648.0;Remy;Vinnie;SEASHELLS;4080.0;8
1;35653.0;Vinnie;Vladimir;SEASHELLS;4077.0;8
1;35659.0;Vinnie;Remy;SEASHELLS;4076.0;10
1;35662.0;Vinnie;Remy;SEASHELLS;4076.0;6
1;35688.0;Vinnie;Vladimir;SEASHELLS;4076.0;10
1;35690.0;Vinnie;Remy;SEASHELLS;4075.0;10
1;35718.0;Vinnie;Remy;SEASHELLS;4075.0;9
1;35721.0;Vinnie;Remy;SEASHELLS;4075.0;10
1;35726.0;Vinnie;Remy;SEASHELLS;4076.0;7
1;35730.0;Remy;Vinnie;SEASHELLS;4077.0;6
1;35738.0;Vinnie;Vladimir;SEASHELLS;4076.0;4
1;35747.0;Remy;Vinnie;SEASHELLS;4078.0;6
1;35754.0;Remy;Vinnie;SEASHELLS;4078.0;6
1;35764.0;Vinnie;Vladimir;SEASHELLS;4077.0;12
1;35769.0;Vinnie;Vladimir;SEASHELLS;4077.0;12
1;35775.0;Remy;Vinnie;SEASHELLS;4078.0;7
1;35791.0;Vinnie;Vladimir;SEASHELLS;4076.0;4
1;35799.0;Vinnie;Vladimir;SEASHELLS;4076.0;8
1;35806.0;Vinnie;Remy;SEASHELLS;4078.0;5
1;35840.0;Remy;Vinnie;SEASHELLS;4081.0;9
1;35843.0;Vinnie;Vladimir;SEASHELLS;4079.0;5
1;35854.0;Vinnie;Remy;SEASHELLS;4079.0;7
1;35877.0;Vinnie;Remy;SEASHELLS;4079.0;7
1;35878.0;Vinnie;Vladimir;SEASHELLS;4079.0;5
1;35879.0;Vinnie;Vladimir;SEASHELLS;4078.0;9
1;35881.0;Vinnie;Remy;SEASHELLS;4078.0;7
1;35899.0;Remy;Vinnie;SEASHELLS;4081.0;5
1;35904.0;Remy;Vinnie;SEASHELLS;4081.0;6
1;35912.0;Vinnie;Remy;SEASHELLS;4079.0;9
1;35928.0;Vinnie;Remy;SEASHELLS;4080.0;4
1;35946.0;Vinnie;Remy;SEASHELLS;4077.0;4
1;35955.0;Vinnie;Remy;SEASHELLS;4078.0;5
1;35956.0;Vinnie;Vladimir;SEASHELLS;4077.0;8
1;35963.0;Vinnie;Vladimir;SEASHELLS;4076.0;5
1;35965.0;Vinnie;Vladimir;SEASHELLS;4074.0;10
1;35969.0;Remy;Vinnie;SEASHELLS;4076.0;6
1;35972.0;Vinnie;Vladimir;SEASHELLS;4074.0;5
1;35977.0;Vinnie;Remy;SEASHELLS;4075.0;8
1;35979.0;Vinnie;Vladimir;SEASHELLS;4076.0;9
1;35980.0;Remy;Vinnie;SEASHELLS;4078.0;10
1;35991.0;Remy;Vinnie;SEASHELLS;4080.0;10
1;36005.0;Vinnie;Remy;SEASHELLS;4081.0;9
1;36010.0;Remy;Vinnie;SEASHELLS;4084.0;7
1;36019.0;Vinnie;Remy;SEASHELLS;4083.0;9
1;36037.0;Vinnie;Vladimir;SEASHELLS;4079.0;8
1;36039.0;Vinnie;Vladimir;SEASHELLS;4079.0;3
1;36050.0;Vinnie;Remy;SEASHELLS;4078.0;6
1;36053.0;Remy;Vinnie;SEASHELLS;4078.0;10
1;36054.0;Vinnie;Remy;SEASHELLS;4076.0;8
1;36055.0;Vinnie;Remy;SEASHELLS;4077.0;4
1;36057.0;Vinnie;Remy;SEASHELLS;4077.0;4
1;36078.0;Vinnie;Remy;SEASHELLS;4075.0;8
1;36083.0;Vinnie;Vladimir;SEASHELLS;4075.0;12
1;36089.0;Vinnie;Vladimir;SEASHELLS;4073.0;4
1;36094.0;Remy;Vinnie;SEASHELLS;4074.0;5
1;36095.0;Remy;Vinnie;SEASHELLS;4075.0;5
1;36103.0;Remy;Vinnie;SEASHELLS;4077.0;5
1;36106.0;Remy;Vinnie;SEASHELLS;4078.0;6
1;36106.0;Vinnie;Vladimir;SEASHELLS;4077.0;7
1;36116.0;Remy;Vinnie;SEASHELLS;4077.0;5
1;36121.0;Vinnie;Remy;SEASHELLS;4077.0;10
1;36125.0;Remy;Vinnie;SEASHELLS;4078.0;5
1;36126.0;Vinnie;Remy;SEASHELLS;4078.0;5
1;36129.0;Remy;Vinnie;SEASHELLS;4080.0;6
1;36130.0;Vinnie;Remy;SEASHELLS;4078.0;7
1;36132.0;Remy;Vinnie;SEASHELLS;4080.0;10
1;36136.0;Vinnie;Remy;SEASHELLS;4078.0;6
1;36139.0;Remy;Vinnie;SEASHELLS;4079.0;6
1;36142.0;Remy;Vinnie;SEASHELLS;4079.0;10
1;36143.0;Vinnie;Vladimir;SEASHELLS;4077.0;4
1;36145.0;Remy;Vinnie;SEASHELLS;4078.0;5
1;36150.0;Vinnie;Vladimir;SEASHELLS;4077.0;10
1;36153.0;Vinnie;Vladimir;SEASHELLS;4076.0;9
1;36161.0;Vinnie;Vladimir;SEASHELLS;4077.0;7
1;36164.0;Remy;Vinnie;SEASHELLS;4079.0;6
1;36174.0;Remy;Vinnie;SEASHELLS;4079.0;9
1;36176.0;Vinnie;Vladimir;SEASHELLS;4077.0;3
1;36177.0;Vinnie;Remy;SEASHELLS;4077.0;10
1;36189.0;Remy;Vinnie;SEASHELLS;4078.0;10
1;36193.0;Vinnie;Vladimir;SEASHELLS;4077.0;9
1;36201.0;Vinnie;Vladimir;SEASHELLS;4076.0;4
1;36201.0;Remy;Vinnie;SEASHELLS;4078.0;10
1;36204.0;Remy;Vinnie;SEASHELLS;4079.0;6
1;36211.0;Remy;Vinnie;SEASHELLS;4078.0;5
1;36216.0;Vinnie;Remy;SEASHELLS;4075.0;7
1;36250.0;Vinnie;Vladimir;SEASHELLS;4071.0;10
1;36251.0;Vinnie;Vladimir;SEASHELLS;4070.0;10
1;36265.0;Remy;Vinnie;SEASHELLS;4069.0;4
1;36267.0;Vinnie;Vladimir;SEASHELLS;4068.0;5
1;36269.0;Vinnie;Vladimir;SEASHELLS;4068.0;4
1;36278.0;Remy;Vinnie;SEASHELLS;4069.0;4
1;36279.0;Vinnie;Remy;SEASHELLS;4068.0;10
1;36285.0;Vinnie;Remy;SEASHELLS;4069.0;6
1;36289.0;Remy;Vinnie;SEASHELLS;4070.0;4
1;36298.0;Vinnie;Remy;SEASHELLS;4069.0;9
1;36302.0;Vinnie;Remy;SEASHELLS;4069.0;5
1;36323.0;Remy;Vinnie;SEASHELLS;4070.0;6
1;36331.0;Remy;Vinnie;SEASHELLS;4070.0;4
1;36339.0;Vinnie;Vladimir;SEASHELLS;4069.0;5
1;36343.0;Remy;Vinnie;SEASHELLS;4069.0;9
1;36347.0;Vinnie;Remy;SEASHELLS;4069.0;10
1;36348.0;Remy;Vinnie;SEASHELLS;4071.0;5
1;36349.0;Remy;Vinnie;SEASHELLS;4070.0;10
1;36354.0;Vinnie;Vladimir;SEASHELLS;4067.0;10
1;36359.0;Vinnie;Vladimir;SEASHELLS;4067.0;5
1;36364.0;Vinnie;Remy;SEASHELLS;4065.0;7
1;36365.0;Remy;Vinnie;SEASHELLS;4067.0;8
1;36369.0;Remy;Vinnie;SEASHELLS;4067.0;6
1;36373.0;Remy;Vinnie;SEASHELLS;4067.0;9
1;36408.0;Vinnie;Remy;SEASHELLS;4065.0;9
1;36425.0;Vinnie;Vladimir;SEASHELLS;4062.0;9
1;36437.0;Vinnie;Vladimir;SEASHELLS;4059.0;11
1;36437.0;Remy;Vinnie;SEASHELLS;4060.0;6
1;36439.0;Remy;Vinnie;SEASHELLS;4060.0;10
1;36448.0;Vinnie;Remy;SEASHELLS;4057.0;8
1;36450.0;Vinnie;Vladimir;SEASHELLS;4057.0;11
1;36475.0;Vinnie;Vladimir;SEASHELLS;4060.0;6
1;36478.0;Vinnie;Remy;SEASHELLS;4060.0;8
1;36479.0;Vinnie;Remy;SEASHELLS;4060.0;5
1;36486.0;Vinnie;Remy;SEASHELLS;4060.0;9
1;36496.0;Vinnie;Vladimir;SEASHELLS;4060.0;7
1;36510.0;Vinnie;Remy;SEASHELLS;4059.0;5
1;36512.0;Vinnie;Remy;SEASHELLS;4060.0;8
1;36513.0;Remy;Vinnie;SEASHELLS;4061.0;6
1;36530.0;Remy;Vinnie;SEASHELLS;4057.0;6
1;36546.0;Remy;Vinnie;SEASHELLS;4059.0;4
1;36561.0;Remy;Vinnie;SEASHELLS;4059.0;9
1;36561.0;Vinnie;Vladimir;SEASHELLS;4058.0;5
1;36567.0;Vinnie;Remy;SEASHELLS;4059.0;9
1;36569.0;Vinnie;Remy;SEASHELLS;4058.0;5
1;36582.0;Remy;Vinnie;SEASHELLS;4061.0;9
1;36583.0;Vinnie;Vladimir;SEASHELLS;4059.0;8
1;36588.0;Vinnie;Vladimir;SEASHELLS;4058.0;9
1;36590.0;Vinnie;Vladimir;SEASHELLS;4059.0;5
1;36591.0;Remy;Vinnie;SEASHELLS;4060.0;4
1;36603.0;Vinnie;Remy;SEASHELLS;4058.0;7
1;36604.0;Vinnie;Vladimir;SEASHELLS;4058.0;6
1;36619.0;Vinnie;Vladimir;SEASHELLS;4058.0;10
1;36621.0;Vinnie;Remy;SEASHELLS;4058.0;5
1;36633.0;Vinnie;Remy;SEASHELLS;4056.0;10
1;36640.0;Vinnie;Vladimir;SEASHELLS;4057.0;10
1;36653.0;Remy;Vinnie;SEASHELLS;4058.0;7
1;36671.0;Remy;Vinnie;SEASHELLS;4056.0;4
1;36672.0;Vinnie;Remy;SEASHELLS;4055.0;4
1;36679.0;Vinnie;Vladimir;SEASHELLS;4056.0;10
1;36682.0;Remy;Vinnie;SEASHELLS;4057.0;5
1;36685.0;Vinnie;Remy;SEASHELLS;4055.0;10
1;36707.0;Vinnie;Remy;SEASHELLS;4056.0;7
1;36723.0;Vinnie;Remy;SEASHELLS;4054.0;6
1;36728.0;Vinnie;Remy;SEASHELLS;4053.0;9
1;36739.0;Vinnie;Remy;SEASHELLS;4052.0;9
1;36748.0;Remy;Vinnie;SEASHELLS;4055.0;9
1;36751.0;Vinnie;Remy;SEASHELLS;4054.0;9
1;36752.0;Vinnie;Remy;SEASHELLS;4054.0;4
1;36769.0;Vinnie;Remy;SEASHELLS;4053.0;5
1;36774.0;Remy;Vinnie;SEASHELLS;4053.0;4
1;36806.0;Remy;Vinnie;SEASHELLS;4056.0;9
1;36808.0;Vinnie;Vladimir;SEASHELLS;4056.0;4
1;36831.0;Vinnie;Remy;SEASHELLS;4055.0;5
1;36844.0;Remy;Vinnie;SEASHELLS;4056.0;7
1;36845.0;Vinnie;Remy;SEASHELLS;4055.0;6
1;36850.0;Vinnie;Vladimir;SEASHELLS;4056.0;12
1;36856.0;Vinnie;Vladimir;SEASHELLS;4055.0;11
1;36863.0;Remy;Vinnie;SEASHELLS;4056.0;9
1;36865.0;Vinnie;Remy;SEASHELLS;4054.0;7
1;36867.0;Vinnie;Vladimir;SEASHELLS;4055.0;12
1;36872.0;Vinnie;Remy;SEASHELLS;4056.0;5
1;36875.0;Vinnie;Vladimir;SEASHELLS;4056.0;11
1;36880.0;Vinnie;Vladimir;SEASHELLS;4057.0;5
1;36880.0;Remy;Vinnie;SEASHELLS;4058.0;9
1;36886.0;Remy;Vinnie;SEASHELLS;4057.0;5
1;36895.0;Remy;Vinnie;SEASHELLS;4057.0;9
1;36896.0;Vinnie;Remy;SEASHELLS;4055.0;8
1;36901.0;Remy;Vinnie;SEASHELLS;4058.0;4
1;36908.0;Remy;Vinnie;SEASHELLS;4058.0;5
1;36918.0;Remy;Vinnie;SEASHELLS;4057.0;4
1;36920.0;Vinnie;Remy;SEASHELLS;4056.0;9
1;36940.0;Vinnie;Remy;SEASHELLS;4057.0;9
1;36949.0;Remy;Vinnie;SEASHELLS;4058.0;5
1;36952.0;Vinnie;Vladimir;SEASHELLS;4058.0;12
1;36965.0;Vinnie;Remy;SEASHELLS;4057.0;7
1;36967.0;Vinnie;Remy;SEASHELLS;4057.0;8
1;36968.0;Vinnie;Remy;SEASHELLS;4057.0;10
1;36982.0;Vinnie;Remy;SEASHELLS;4057.0;7
1;36985.0;Vinnie;Vladimir;SEASHELLS;4058.0;3
1;36985.0;Vinnie;Remy;SEASHELLS;4058.0;10
1;36991.0;Remy;Vinnie;SEASHELLS;4059.0;8
1;37003.0;Vinnie;Remy;SEASHELLS;4059.0;7
1;37005.0;Vinnie;Vladimir;SEASHELLS;4059.0;11
1;37022.0;Vinnie;Vladimir;SEASHELLS;4058.0;5
1;37025.0;Vinnie;Vladimir;SEASHELLS;4058.0;11
1;37033.0;Vinnie;Vladimir;SEASHELLS;4058.0;9
1;37036.0;Vinnie;Vladimir;SEASHELLS;4059.0;9
1;37046.0;Vinnie;Vladimir;SEASHELLS;4059.0;10
1;37050.0;Vinnie;Vladimir;SEASHELLS;4059.0;10
1;37054.0;Vinnie;Remy;SEASHELLS;4058.0;10
1;37056.0;Remy;Vinnie;SEASHELLS;4060.0;8
1;37057.0;Vinnie;Remy;SEASHELLS;4059.0;8
1;37058.0;Vinnie;Vladimir;SEASHELLS;4059.0;9
1;37085.0;Vinnie;Vladimir;SEASHELLS;4058.0;12
1;37086.0;Remy;Vinnie;SEASHELLS;4059.0;8
1;37089.0;Vinnie;Remy;SEASHELLS;4057.0;5
1;37090.0;Vinnie;Remy;SEASHELLS;4057.0;5
1;37102.0;Vinnie;Remy;SEASHELLS;4056.0;10
1;37120.0;Vinnie;Vladimir;SEASHELLS;4059.0;9
1;37130.0;Vinnie;Remy;SEASHELLS;4059.0;10
1;37135.0;Vinnie;Vladimir;SEASHELLS;4057.0;4
1;37140.0;Remy;Vinnie;SEASHELLS;4060.0;9
1;37146.0;Vinnie;Remy;SEASHELLS;4059.0;8
1;37149.0;Remy;Vinnie;SEASHELLS;4060.0;6
1;37174.0;Remy;Vinnie;SEASHELLS;4064.0;5
1;37174.0;Vinnie;Vladimir;SEASHELLS;4062.0;3
1;37176.0;Remy;Vinnie;SEASHELLS;4064.0;5
1;37177.0;Remy;Vinnie;SEASHELLS;4065.0;9
1;37183.0;Vinnie;Remy;SEASHELLS;4063.0;6
1;37195.0;Vinnie;Remy;SEASHELLS;4063.0;7
1;37204.0;Vinnie;Vladimir;SEASHELLS;4064.0;7
1;37214.0;Remy;Vinnie;SEASHELLS;4064.0;10
1;37218.0;Vinnie;Remy;SEASHELLS;4063.0;9
1;37220.0;Remy;Vinnie;SEASHELLS;4065.0;6
1;37225.0;Vinnie;Vladimir;SEASHELLS;4064.0;4
1;37228.0;Vinnie;Vladimir;SEASHELLS;4064.0;7
1;37254.0;Vinnie;Remy;SEASHELLS;4065.0;6
1;37262.0;Vinnie;Remy;SEASHELLS;4064.0;8
1;37267.0;Remy;Vinnie;SEASHELLS;4067.0;5
1;37276.0;Vinnie;Remy;SEASHELLS;4064.0;6
1;37284.0;Remy;Vinnie;SEASHELLS;4064.0;5
1;37287.0;Remy;Vinnie;SEASHELLS;4064.0;8
1;37290.0;Vinnie;Vladimir;SEASHELLS;4062.0;7
1;37290.0;Remy;Vinnie;SEASHELLS;4063.0;4
1;37318.0;Vinnie;Remy;SEASHELLS;4061.0;9
1;37319.0;Vinnie;Vladimir;SEASHELLS;4061.0;9
1;37328.0;Remy;Vinnie;SEASHELLS;4062.0;9
1;37333.0;Vinnie;Remy;SEASHELLS;4061.0;10
1;37333.0;Vinnie;Vladimir;SEASHELLS;4061.0;8
1;37337.0;Vinnie;Remy;SEASHELLS;4062.0;10
1;37358.0;Remy;Vinnie;SEASHELLS;4065.0;4
1;37362.0;Vinnie;Vladimir;SEASHELLS;4064.0;12
1;37368.0;Vinnie;Vladimir;SEASHELLS;4063.0;9
1;37376.0;Vinnie;Vladimir;SEASHELLS;4062.0;6
1;37380.0;Vinnie;Vladimir;SEASHELLS;4062.0;8
1;37384.0;Vinnie;Remy;SEASHELLS;4064.0;9
1;37390.0;Vinnie;Remy;SEASHELLS;4065.0;7
1;37393.0;Vinnie;Vladimir;SEASHELLS;4066.0;7
1;37415.0;Vinnie;Remy;SEASHELLS;4066.0;7
1;37432.0;Remy;Vinnie;SEASHELLS;4068.0;7
1;37464.0;Remy;Vinnie;SEASHELLS;4068.0;10
1;37469.0;Vinnie;Remy;SEASHELLS;4067.0;5
1;37491.0;Vinnie;Vladimir;SEASHELLS;4066.0;3
1;37493.0;Vinnie;Remy;SEASHELLS;4066.0;5
1;37511.0;Vinnie;Remy;SEASHELLS;4066.0;8
1;37514.0;Vinnie;Remy;SEASHELLS;4065.0;4
1;37522.0;Vinnie;Remy;SEASHELLS;4066.0;4
1;37531.0;Vinnie;Remy;SEASHELLS;4065.0;5
1;37534.0;Remy;Vinnie;SEASHELLS;4066.0;9
1;37544.0;Vinnie;Vladimir;SEASHELLS;4065.0;4
1;37550.0;Vinnie;Remy;SEASHELLS;4063.0;5
1;37553.0;Vinnie;Remy;SEASHELLS;4064.0;6
1;37561.0;Vinnie;Remy;SEASHELLS;4066.0;4
1;37570.0;Vinnie;Remy;SEASHELLS;4068.0;9
1;37581.0;Remy;Vinnie;SEASHELLS;4070.0;5
1;37588.0;Vinnie;Vladimir;SEASHELLS;4069.0;6
1;37592.0;Remy;Vinnie;SEASHELLS;4069.0;5
1;37598.0;Remy;Vinnie;SEASHELLS;4069.0;5
1;37599.0;Vinnie;Remy;SEASHELLS;4067.0;9
1;37619.0;Remy;Vinnie;SEASHELLS;4068.0;9
1;37628.0;Vinnie;Remy;SEASHELLS;4066.0;10
1;37630.0;Vinnie;Remy;SEASHELLS;4066.0;8
1;37653.0;Vinnie;Remy;SEASHELLS;4065.0;9
1;37661.0;Vinnie;Remy;SEASHELLS;4066.0;6
1;37690.0;Vinnie;Vladimir;SEASHELLS;4068.0;7
1;37691.0;Remy;Vinnie;SEASHELLS;4069.0;5
1;37700.0;Vinnie;Remy;SEASHELLS;4066.0;9
1;37705.0;Vinnie;Vladimir;SEASHELLS;4066.0;6
1;37705.0;Vinnie;Remy;SEASHELLS;4066.0;5
1;37716.0;Vinnie;Remy;SEASHELLS;4068.0;10
1;37717.0;Remy;Vinnie;SEASHELLS;4070.0;4
1;37718.0;Vinnie;Remy;SEASHELLS;4068.0;7
1;37723.0;Vinnie;Vladimir;SEASHELLS;4069.0;10
1;37723.0;Remy;Vinnie;SEASHELLS;4071.0;5
1;37732.0;Vinnie;Remy;SEASHELLS;4071.0;9
1;37740.0;Remy;Vinnie;SEASHELLS;4072.0;4
1;37757.0;Vinnie;Remy;SEASHELLS;4071.0;4
1;37759.0;Remy;Vinnie;SEASHELLS;4073.0;6
1;37782.0;Vinnie;Remy;SEASHELLS;4073.0;7
1;37786.0;Vinnie;Remy;SEASHELLS;4073.0;9
1;37810.0;Vinnie;Remy;SEASHELLS;4072.0;6
1;37817.0;Vinnie;Vladimir;SEASHELLS;4071.0;3
1;37819.0;Vinnie;Vladimir;SEASHELLS;4071.0;3
1;37832.0;Vinnie;Remy;SEASHELLS;4070.0;8
1;37832.0;Vinnie;Vladimir;SEASHELLS;4070.0;8
1;37837.0;Vinnie;Remy;SEASHELLS;4069.0;9
1;37853.0;Vinnie;Vladimir;SEASHELLS;4069.0;9
1;37861.0;Vladimir;Remy;SEASHELLS;4069.0;9
1;37879.0;Vinnie;Remy;SEASHELLS;4068.0;5
1;37887.0;Vinnie;Remy;SEASHELLS;4068.0;6
1;37903.0;Vinnie;Vladimir;SEASHELLS;4069.0;8
1;37905.0;Remy;Vinnie;SEASHELLS;4070.0;8
1;37916.0;Remy;Vinnie;SEASHELLS;4072.0;9
1;37926.0;Vinnie;Remy;SEASHELLS;4069.0;7
1;37927.0;Vinnie;Vladimir;SEASHELLS;4070.0;9
1;37937.0;Remy;Vinnie;SEASHELLS;4069.0;10
1;37939.0;Remy;Vinnie;SEASHELLS;4068.0;9
1;37943.0;Vinnie;Vladimir;SEASHELLS;4067.0;6
1;37943.0;Remy;Vinnie;SEASHELLS;4068.0;5
1;37944.0;Vinnie;Remy;SEASHELLS;4067.0;8
1;37962.0;Vinnie;Remy;SEASHELLS;4067.0;10
1;37966.0;Vinnie;Vladimir;SEASHELLS;4067.0;7
1;37979.0;Remy;Vinnie;SEASHELLS;4066.0;10
1;37988.0;Vinnie;Vladimir;SEASHELLS;4064.0;10
1;37996.0;Vinnie;Remy;SEASHELLS;4064.0;4
1;37999.0;Remy;Vinnie;SEASHELLS;4066.0;7
1;38016.0;Remy;Vinnie;SEASHELLS;4068.0;8
1;38017.0;Vinnie;Remy;SEASHELLS;4066.0;6
1;38025.0;Vinnie;Remy;SEASHELLS;4067.0;5
1;38036.0;Vinnie;Vladimir;SEASHELLS;4064.0;10
1;38038.0;Remy;Vinnie;SEASHELLS;4066.0;5
1;38047.0;Remy;Vinnie;SEASHELLS;4068.0;4
1;38053.0;Vinnie;Remy;SEASHELLS;4067.0;4
1;38064.0;Remy;Vinnie;SEASHELLS;4067.0;8
1;38065.0;Vinnie;Vladimir;SEASHELLS;4065.0;8
1;38081.0;Remy;Vinnie;SEASHELLS;4067.0;7
1;38090.0;Vinnie;Vladimir;SEASHELLS;4066.0;11
1;38099.0;Remy;Vinnie;SEASHELLS;4068.0;5
1;38110.0;Remy;Vinnie;SEASHELLS;4071.0;9
1;38116.0;Remy;Vinnie;SEASHELLS;4072.0;10
1;38117.0;Remy;Vinnie;SEASHELLS;4073.0;8
1;38120.0;Vinnie;Vladimir;SEASHELLS;4071.0;4
1;38121.0;Vinnie;Remy;SEASHELLS;4071.0;5
1;38152.0;Vinnie;Vladimir;SEASHELLS;4072.0;3
1;38160.0;Remy;Vinnie;SEASHELLS;4073.0;8
1;38167.0;Remy;Vinnie;SEASHELLS;4076.0;9
1;38179.0;Remy;Vinnie;SEASHELLS;4077.0;9
1;38188.0;Vinnie;Remy;SEASHELLS;4078.0;5
1;38193.0;Remy;Vinnie;SEASHELLS;4080.0;8
1;38212.0;Vinnie;Vladimir;SEASHELLS;4079.0;12
1;38217.0;Remy;Vinnie;SEASHELLS;4079.0;4
1;38217.0;Vinnie;Vladimir;SEASHELLS;4078.0;6
1;38221.0;Vinnie;Vladimir;SEASHELLS;4077.0;4
1;38231.0;Vinnie;Remy;SEASHELLS;4075.0;9
1;38235.0;Vinnie;Vladimir;SEASHELLS;4075.0;5
1;38237.0;Vinnie;Vladimir;SEASHELLS;4074.0;11
1;38250.0;Vinnie;Remy;SEASHELLS;4074.0;10
1;38251.0;Vinnie;Vladimir;SEASHELLS;4074.0;10
1;38256.0;Vinnie;Vladimir;SEASHELLS;4072.0;5
1;38265.0;Remy;Vinnie;SEASHELLS;4073.0;10
1;38277.0;Vinnie;Vladimir;SEASHELLS;4070.0;9
1;38280.0;Vinnie;Vladimir;SEASHELLS;4071.0;9
1;38306.0;Vinnie;Vladimir;SEASHELLS;4068.0;11
1;38320.0;Vinnie;Remy;SEASHELLS;4068.0;10
1;38338.0;Remy;Vinnie;SEASHELLS;4069.0;8
1;38339.0;Vinnie;Vladimir;SEASHELLS;4067.0;9
1;38340.0;Vinnie;Vladimir;SEASHELLS;4067.0;12
1;38361.0;Vinnie;Vladimir;SEASHELLS;4070.0;11
1;38376.0;Vinnie;Vladimir;SEASHELLS;4070.0;3
1;38387.0;Vinnie;Vladimir;SEASHELLS;4068.0;10
1;38393.0;Vinnie;Vladimir;SEASHELLS;4069.0;6
1;38395.0;Vinnie;Remy;SEASHELLS;4069.0;6
1;38421.0;Vinnie;Remy;SEASHELLS;4066.0;9
1;38421.0;Vinnie;Vladimir;SEASHELLS;4066.0;3
1;38435.0;Vinnie;Remy;SEASHELLS;4065.0;7
1;38447.0;Remy;Vinnie;SEASHELLS;4066.0;4
1;38449.0;Remy;Vinnie;SEASHELLS;4066.0;5
1;38454.0;Vinnie;Remy;SEASHELLS;4066.0;4
1;38456.0;Vinnie;Remy;SEASHELLS;4066.0;9
1;38458.0;Remy;Vinnie;SEASHELLS;4067.0;8
1;38468.0;Vinnie;Remy;SEASHELLS;4064.0;5
1;38473.0;Vinnie;Vladimir;SEASHELLS;4064.0;12
1;38474.0;Vinnie;Remy;SEASHELLS;4064.0;9
1;38478.0;Remy;Vinnie;SEASHELLS;4066.0;9
1;38482.0;Remy;Vinnie;SEASHELLS;4065.0;4
1;38498.0;Vinnie;Remy;SEASHELLS;4063.0;7
1;38499.0;Remy;Vinnie;SEASHELLS;4064.0;4
1;38535.0;Vinnie;Remy;SEASHELLS;4060.0;5
1;38541.0;Remy;Vinnie;SEASHELLS;4062.0;5
1;38554.0;Vinnie;Remy;SEASHELLS;4058.0;10
1;38554.0;Vinnie;Vladimir;SEASHELLS;4058.0;8
1;38562.0;Vinnie;Vladimir;SEASHELLS;4057.0;5
1;38564.0;Remy;Vinnie;SEASHELLS;4057.0;5
1;38571.0;Remy;Vinnie;SEASHELLS;4056.0;5
1;38575.0;Vinnie;Remy;SEASHELLS;4056.0;4
1;38584.0;Vinnie;Vladimir;SEASHELLS;4056.0;6
1;38589.0;Remy;Vinnie;SEASHELLS;4058.0;6
1;38595.0;Vinnie;Vladimir;SEASHELLS;4058.0;5
1;38601.0;Vinnie;Remy;SEASHELLS;4058.0;4
1;38608.0;Remy;Vinnie;SEASHELLS;4061.0;9
1;38610.0;Remy;Vinnie;SEASHELLS;4061.0;8
1;38618.0;Vinnie;Vladimir;SEASHELLS;4060.0;5
1;38625.0;Vinnie;Remy;SEASHELLS;4060.0;5
1;38637.0;Vinnie;Remy;SEASHELLS;4061.0;7
1;38658.0;Remy;Vinnie;SEASHELLS;4061.0;4
1;38659.0;Vinnie;Remy;SEASHELLS;4060.0;6
1;38677.0;Vinnie;Remy;SEASHELLS;4058.0;6
1;38688.0;Remy;Vinnie;SEASHELLS;4060.0;7
1;38710.0;Remy;Vinnie;SEASHELLS;4063.0;6
1;38714.0;Vinnie;Vladimir;SEASHELLS;4062.0;6
1;38722.0;Vinnie;Vladimir;SEASHELLS;4064.0;12
1;38735.0;Remy;Vinnie;SEASHELLS;4065.0;7
1;38789.0;Remy;Vinnie;SEASHELLS;4068.0;6
1;38790.0;Remy;Vinnie;SEASHELLS;4067.0;4
1;38809.0;Remy;Vinnie;SEASHELLS;4067.0;10
1;38816.0;Remy;Vinnie;SEASHELLS;4069.0;5
1;38818.0;Remy;Vinnie;SEASHELLS;4070.0;5
1;38825.0;Remy;Vinnie;SEASHELLS;4070.0;7
1;38841.0;Vinnie;Remy;SEASHELLS;4065.0;9
1;38844.0;Remy;Vinnie;SEASHELLS;4066.0;4
1;38846.0;Vinnie;Remy;SEASHELLS;4065.0;10
1;38868.0;Remy;Vinnie;SEASHELLS;4064.0;8
1;38876.0;Vinnie;Vladimir;SEASHELLS;4065.0;8
1;38887.0;Vinnie;Remy;SEASHELLS;4063.0;9
1;38888.0;Vinnie;Vladimir;SEASHELLS;4063.0;7
1;38890.0;Remy;Vinnie;SEASHELLS;4064.0;8
1;38909.0;Remy;Vinnie;SEASHELLS;4061.0;10
1;38912.0;Vinnie;Remy;SEASHELLS;4060.0;5
1;38919.0;Remy;Vinnie;SEASHELLS;4060.0;10
1;38928.0;Vinnie;Vladimir;SEASHELLS;4059.0;11
1;38944.0;Remy;Vinnie;SEASHELLS;4062.0;7
1;38945.0;Remy;Vinnie;SEASHELLS;4062.0;8
1;38946.0;Vinnie;Vladimir;SEASHELLS;4061.0;10
1;38952.0;Vinnie;Remy;SEASHELLS;4059.0;4
1;38955.0;Vinnie;Vladimir;SEASHELLS;4059.0;5
1;38960.0;Vinnie;Vladimir;SEASHELLS;4061.0;5
1;38982.0;Remy;Vinnie;SEASHELLS;4063.0;8
1;38988.0;Vinnie;Vladimir;SEASHELLS;4061.0;8
1;38993.0;Vinnie;Vladimir;SEASHELLS;4061.0;11
1;39013.0;Remy;Vinnie;SEASHELLS;4063.0;6
1;39019.0;Vinnie;Remy;SEASHELLS;4061.0;5
1;39020.0;Vinnie;Remy;SEASHELLS;4062.0;10
1;39028.0;Vinnie;Vladimir;SEASHELLS;4062.0;3
1;39037.0;Vinnie;Vladimir;SEASHELLS;4062.0;9
1;39038.0;Vinnie;Remy;SEASHELLS;4062.0;9
1;39045.0;Vinnie;Vladimir;SEASHELLS;4061.0;12
1;39047.0;Vinnie;Remy;SEASHELLS;4059.0;7
1;39049.0;Remy;Vinnie;SEASHELLS;4061.0;5
1;39055.0;Remy;Vinnie;SEASHELLS;4061.0;8
1;39059.0;Vinnie;Vladimir;SEASHELLS;4059.0;6
1;39065.0;Remy;Vinnie;SEASHELLS;4060.0;7
1;39067.0;Vinnie;Remy;SEASHELLS;4059.0;9
1;39081.0;Vinnie;Vladimir;SEASHELLS;4057.0;3
1;39083.0;Vinnie;Vladimir;SEASHELLS;4057.0;10
1;39084.0;Vinnie;Remy;SEASHELLS;4058.0;7
1;39127.0;Remy;Vinnie;SEASHELLS;4057.0;7
1;39131.0;Remy;Vinnie;SEASHELLS;4058.0;6
1;39141.0;Remy;Vinnie;SEASHELLS;4060.0;7
1;39157.0;Vinnie;Remy;SEASHELLS;4059.0;6
1;39158.0;Vinnie;Remy;SEASHELLS;4058.0;10
1;39184.0;Vinnie;Remy;SEASHELLS;4055.0;7
1;39185.0;Vinnie;Remy;SEASHELLS;4055.0;10
1;39186.0;Remy;Vinnie;SEASHELLS;4056.0;6
1;39188.0;Vinnie;Vladimir;SEASHELLS;4055.0;12
1;39190.0;Remy;Vinnie;SEASHELLS;4057.0;8
1;39191.0;Vinnie;Vladimir;SEASHELLS;4055.0;10
1;39193.0;Vinnie;Remy;SEASHELLS;4055.0;10
1;39196.0;Vinnie;Remy;SEASHELLS;4054.0;9
1;39200.0;Remy;Vinnie;SEASHELLS;4054.0;5
