day;timestamp;bid_price_1;bid_volume_1;bid_price_2;bid_volume_2;bid_price_3;bid_volume_3;ask_price_1;ask_volume_1;ask_price_2;ask_volume_2;ask_price_3;ask_volume_3;mid_price;profit_and_loss
0;20001.0;3999;210;0.0;0.0;0.0;0.0;4001;210;0.0;0.0;0.0;0.0;4000.0;0.0
0;20002.0;3999;265;0.0;0.0;0.0;0.0;4000;265;0.0;0.0;0.0;0.0;3999.5;0.0
0;20003.0;3999;282;0.0;0.0;0.0;0.0;4000;282;0.0;0.0;0.0;0.0;3999.5;0.0
0;20004.0;3999;218;0.0;0.0;0.0;0.0;4000;218;0.0;0.0;0.0;0.0;3999.5;0.0
0;20005.0;3999;79;3998.0;190.0;0.0;0.0;4000;269;0.0;0.0;0.0;0.0;3999.5;0.0
0;20006.0;3999;163;0.0;0.0;0.0;0.0;4000;163;0.0;0.0;0.0;0.0;3999.5;0.0
0;20007.0;3999;232;0.0;0.0;0.0;0.0;4000;69;4001.0;163.0;0.0;0.0;3999.5;0.0
0;20008.0;3999;260;0.0;0.0;0.0;0.0;4000;74;4001.0;186.0;0.0;0.0;3999.5;0.0
0;20009.0;3999;59;3998.0;136.0;0.0;0.0;4000;195;0.0;0.0;0.0;0.0;3999.5;0.0
0;20010.0;3999;168;0.0;0.0;0.0;0.0;4000;168;0.0;0.0;0.0;0.0;3999.5;0.0
0;20011.0;3999;67;3998.0;175.0;0.0;0.0;4000;242;0.0;0.0;0.0;0.0;3999.5;0.0
0;20012.0;3999;215;0.0;0.0;0.0;0.0;4000;99;4001.0;116.0;0.0;0.0;3999.5;0.0
0;20013.0;3999;258;0.0;0.0;0.0;0.0;4000;258;0.0;0.0;0.0;0.0;3999.5;0.0
0;20014.0;3999;177;0.0;0.0;0.0;0.0;4001;177;0.0;0.0;0.0;0.0;4000.0;0.0
0;20015.0;3999;99;3998.0;128.0;0.0;0.0;4000;227;0.0;0.0;0.0;0.0;3999.5;0.0
0;20016.0;3999;195;0.0;0.0;0.0;0.0;4001;195;0.0;0.0;0.0;0.0;4000.0;0.0
0;20017.0;3999;288;0.0;0.0;0.0;0.0;4000;89;4001.0;199.0;0.0;0.0;3999.5;0.0
0;20018.0;3999;196;0.0;0.0;0.0;0.0;4000;196;0.0;0.0;0.0;0.0;3999.5;0.0
0;20019.0;3999;250;0.0;0.0;0.0;0.0;4000;78;4001.0;172.0;0.0;0.0;3999.5;0.0
0;20020.0;4000;199;0.0;0.0;0.0;0.0;4001;199;0.0;0.0;0.0;0.0;4000.5;0.0
0;20021.0;4000;172;0.0;0.0;0.0;0.0;4001;172;0.0;0.0;0.0;0.0;4000.5;0.0
0;20022.0;4000;279;0.0;0.0;0.0;0.0;4001;279;0.0;0.0;0.0;0.0;4000.5;0.0
0;20023.0;3999;192;0.0;0.0;0.0;0.0;4000;50;4001.0;142.0;0.0;0.0;3999.5;0.0
0;20024.0;3999;251;0.0;0.0;0.0;0.0;4001;251;0.0;0.0;0.0;0.0;4000.0;0.0
0;20025.0;3999;221;0.0;0.0;0.0;0.0;4001;221;0.0;0.0;0.0;0.0;4000.0;0.0
0;20026.0;4000;71;3999.0;118.0;0.0;0.0;4001;189;0.0;0.0;0.0;0.0;4000.5;0.0
0;20027.0;4000;239;0.0;0.0;0.0;0.0;4002;239;0.0;0.0;0.0;0.0;4001.0;0.0
0;20028.0;4000;83;3999.0;187.0;0.0;0.0;4001;270;0.0;0.0;0.0;0.0;4000.5;0.0
0;20029.0;3999;226;0.0;0.0;0.0;0.0;4001;226;0.0;0.0;0.0;0.0;4000.0;0.0
0;20030.0;4000;194;0.0;0.0;0.0;0.0;4001;194;0.0;0.0;0.0;0.0;4000.5;0.0
0;20031.0;4000;193;0.0;0.0;0.0;0.0;4002;193;0.0;0.0;0.0;0.0;4001.0;0.0
0;20032.0;4001;81;4000.0;141.0;0.0;0.0;4002;222;0.0;0.0;0.0;0.0;4001.5;0.0
0;20033.0;4000;236;0.0;0.0;0.0;0.0;4002;236;0.0;0.0;0.0;0.0;4001.0;0.0
0;20034.0;4000;249;0.0;0.0;0.0;0.0;4001;249;0.0;0.0;0.0;0.0;4000.5;0.0
0;20035.0;4000;83;3999.0;195.0;0.0;0.0;4001;278;0.0;0.0;0.0;0.0;4000.5;0.0
0;20036.0;4000;55;3999.0;114.0;0.0;0.0;4001;176;0.0;0.0;0.0;0.0;4000.5;0.0
0;20037.0;4000;238;0.0;0.0;0.0;0.0;4001;230;0.0;0.0;0.0;0.0;4000.5;0.0
0;20038.0;4000;180;0.0;0.0;0.0;0.0;4001;180;0.0;0.0;0.0;0.0;4000.5;0.0
0;20039.0;4000;168;0.0;0.0;0.0;0.0;4001;50;4002.0;118.0;0.0;0.0;4000.5;0.0
0;20040.0;4000;215;0.0;0.0;0.0;0.0;4001;95;4002.0;120.0;0.0;0.0;4000.5;0.0
0;20041.0;4000;238;0.0;0.0;0.0;0.0;4001;238;0.0;0.0;0.0;0.0;4000.5;0.0
0;20042.0;4000;223;0.0;0.0;0.0;0.0;4001;223;0.0;0.0;0.0;0.0;4000.5;0.0
0;20043.0;3999;200;0.0;0.0;0.0;0.0;4000;94;4001.0;106.0;0.0;0.0;3999.5;0.0
0;20044.0;3999;170;0.0;0.0;0.0;0.0;4000;170;0.0;0.0;0.0;0.0;3999.5;0.0
0;20045.0;3999;257;0.0;0.0;0.0;0.0;4000;75;4001.0;182.0;0.0;0.0;3999.5;0.0
0;20046.0;3999;174;0.0;0.0;0.0;0.0;4001;174;0.0;0.0;0.0;0.0;4000.0;0.0
0;20047.0;4000;77;3999.0;157.0;0.0;0.0;4001;234;0.0;0.0;0.0;0.0;4000.5;0.0
0;20048.0;3999;270;0.0;0.0;0.0;0.0;4000;83;4001.0;187.0;0.0;0.0;3999.5;0.0
0;20049.0;4000;12;3999.0;252.0;0.0;0.0;4001;252;0.0;0.0;0.0;0.0;4000.5;0.0
0;20050.0;3999;192;0.0;0.0;0.0;0.0;4000;64;4001.0;128.0;0.0;0.0;3999.5;0.0
0;20051.0;3999;264;0.0;0.0;0.0;0.0;4001;264;0.0;0.0;0.0;0.0;4000.0;0.0
0;20052.0;3998;203;0.0;0.0;0.0;0.0;4000;203;0.0;0.0;0.0;0.0;3999.0;0.0
0;20053.0;3998;276;0.0;0.0;0.0;0.0;4000;276;0.0;0.0;0.0;0.0;3999.0;0.0
0;20054.0;3998;250;0.0;0.0;0.0;0.0;3999;67;4000.0;177.0;0.0;0.0;3998.5;0.0
0;20055.0;3997;207;0.0;0.0;0.0;0.0;3999;207;0.0;0.0;0.0;0.0;3998.0;0.0
0;20056.0;3997;265;0.0;0.0;0.0;0.0;3998;94;3999.0;171.0;0.0;0.0;3997.5;0.0
0;20057.0;3998;260;0.0;0.0;0.0;0.0;3999;268;0.0;0.0;0.0;0.0;3998.5;0.0
0;20058.0;3998;230;0.0;0.0;0.0;0.0;4000;230;0.0;0.0;0.0;0.0;3999.0;0.0
0;20059.0;3998;196;0.0;0.0;0.0;0.0;4000;196;0.0;0.0;0.0;0.0;3999.0;0.0
0;20060.0;3998;267;0.0;0.0;0.0;0.0;3999;95;4000.0;172.0;0.0;0.0;3998.5;0.0
0;20061.0;3998;215;0.0;0.0;0.0;0.0;3999;215;0.0;0.0;0.0;0.0;3998.5;0.0
0;20062.0;3998;229;0.0;0.0;0.0;0.0;3999;229;0.0;0.0;0.0;0.0;3998.5;0.0
0;20063.0;3999;92;3998.0;185.0;0.0;0.0;4000;277;0.0;0.0;0.0;0.0;3999.5;0.0
0;20064.0;3999;211;0.0;0.0;0.0;0.0;4000;211;0.0;0.0;0.0;0.0;3999.5;0.0
0;20065.0;3999;261;0.0;0.0;0.0;0.0;4001;256;0.0;0.0;0.0;0.0;4000.0;0.0
0;20066.0;3999;232;0.0;0.0;0.0;0.0;4000;65;4001.0;167.0;0.0;0.0;3999.5;0.0
0;20067.0;3999;162;0.0;0.0;0.0;0.0;4000;53;4001.0;109.0;0.0;0.0;3999.5;0.0
0;20068.0;3999;156;0.0;0.0;0.0;0.0;4001;156;0.0;0.0;0.0;0.0;4000.0;0.0
0;20069.0;3999;290;0.0;0.0;0.0;0.0;4001;290;0.0;0.0;0.0;0.0;4000.0;0.0
0;20070.0;3999;212;0.0;0.0;0.0;0.0;4001;212;0.0;0.0;0.0;0.0;4000.0;0.0
0;20071.0;3999;245;0.0;0.0;0.0;0.0;4001;245;0.0;0.0;0.0;0.0;4000.0;0.0
0;20072.0;3999;187;0.0;0.0;0.0;0.0;4001;187;0.0;0.0;0.0;0.0;4000.0;0.0
0;20073.0;3999;234;0.0;0.0;0.0;0.0;4000;234;0.0;0.0;0.0;0.0;3999.5;0.0
0;20074.0;3999;242;0.0;0.0;0.0;0.0;4001;242;0.0;0.0;0.0;0.0;4000.0;0.0
0;20075.0;3999;271;0.0;0.0;0.0;0.0;4001;271;0.0;0.0;0.0;0.0;4000.0;0.0
0;20076.0;4000;81;3999.0;195.0;0.0;0.0;4001;276;0.0;0.0;0.0;0.0;4000.5;0.0
0;20077.0;4000;92;3999.0;115.0;0.0;0.0;4001;207;0.0;0.0;0.0;0.0;4000.5;0.0
0;20078.0;4000;11;3999.0;266.0;0.0;0.0;4001;266;0.0;0.0;0.0;0.0;4000.5;0.0
0;20079.0;3999;185;0.0;0.0;0.0;0.0;4001;185;0.0;0.0;0.0;0.0;4000.0;0.0
0;20080.0;4000;98;3999.0;186.0;0.0;0.0;4001;276;0.0;0.0;0.0;0.0;4000.5;0.0
0;20081.0;4000;216;0.0;0.0;0.0;0.0;4001;97;4002.0;119.0;0.0;0.0;4000.5;0.0
0;20082.0;4000;177;0.0;0.0;0.0;0.0;4002;177;0.0;0.0;0.0;0.0;4001.0;0.0
0;20083.0;4000;177;0.0;0.0;0.0;0.0;4002;177;0.0;0.0;0.0;0.0;4001.0;0.0
0;20084.0;4001;174;0.0;0.0;0.0;0.0;4002;174;0.0;0.0;0.0;0.0;4001.5;0.0
0;20085.0;4001;224;0.0;0.0;0.0;0.0;4003;224;0.0;0.0;0.0;0.0;4002.0;0.0
0;20086.0;4001;217;0.0;0.0;0.0;0.0;4003;217;0.0;0.0;0.0;0.0;4002.0;0.0
0;20087.0;4002;266;0.0;0.0;0.0;0.0;4003;266;0.0;0.0;0.0;0.0;4002.5;0.0
0;20088.0;4002;203;0.0;0.0;0.0;0.0;4003;203;0.0;0.0;0.0;0.0;4002.5;0.0
0;20089.0;4002;274;0.0;0.0;0.0;0.0;4003;274;0.0;0.0;0.0;0.0;4002.5;0.0
0;20090.0;4002;226;0.0;0.0;0.0;0.0;4004;226;0.0;0.0;0.0;0.0;4003.0;0.0
0;20091.0;4002;174;0.0;0.0;0.0;0.0;4004;174;0.0;0.0;0.0;0.0;4003.0;0.0
0;20092.0;4002;91;4001.0;151.0;0.0;0.0;4003;242;0.0;0.0;0.0;0.0;4002.5;0.0
0;20093.0;4002;89;4001.0;150.0;0.0;0.0;4003;239;0.0;0.0;0.0;0.0;4002.5;0.0
0;20094.0;4002;69;4001.0;126.0;0.0;0.0;4003;195;0.0;0.0;0.0;0.0;4002.5;0.0
0;20095.0;4002;226;0.0;0.0;0.0;0.0;4004;226;0.0;0.0;0.0;0.0;4003.0;0.0
0;20096.0;4002;267;0.0;0.0;0.0;0.0;4003;80;4004.0;187.0;0.0;0.0;4002.5;0.0
0;20097.0;4002;85;4001.0;114.0;0.0;0.0;4003;199;0.0;0.0;0.0;0.0;4002.5;0.0
0;20098.0;4002;234;0.0;0.0;0.0;0.0;4004;234;0.0;0.0;0.0;0.0;4003.0;0.0
0;20099.0;4002;232;0.0;0.0;0.0;0.0;4004;232;0.0;0.0;0.0;0.0;4003.0;0.0
0;20100.0;4003;63;4002.0;158.0;0.0;0.0;4004;221;0.0;0.0;0.0;0.0;4003.5;0.0
0;20101.0;4003;63;4002.0;146.0;0.0;0.0;4004;209;0.0;0.0;0.0;0.0;4003.5;0.0
0;20102.0;4003;277;0.0;0.0;0.0;0.0;4004;277;0.0;0.0;0.0;0.0;4003.5;0.0
0;20103.0;4003;207;0.0;0.0;0.0;0.0;4004;207;0.0;0.0;0.0;0.0;4003.5;0.0
0;20104.0;4003;202;0.0;0.0;0.0;0.0;4004;202;0.0;0.0;0.0;0.0;4003.5;0.0
0;20105.0;4003;88;4002.0;166.0;0.0;0.0;4004;254;0.0;0.0;0.0;0.0;4003.5;0.0
0;20106.0;4003;198;0.0;0.0;0.0;0.0;4004;198;0.0;0.0;0.0;0.0;4003.5;0.0
0;20107.0;4003;89;4002.0;160.0;0.0;0.0;4004;249;0.0;0.0;0.0;0.0;4003.5;0.0
0;20108.0;4002;227;0.0;0.0;0.0;0.0;4004;227;0.0;0.0;0.0;0.0;4003.0;0.0
0;20109.0;4002;248;0.0;0.0;0.0;0.0;4003;89;4004.0;159.0;0.0;0.0;4002.5;0.0
0;20110.0;4003;269;0.0;0.0;0.0;0.0;4004;269;0.0;0.0;0.0;0.0;4003.5;0.0
0;20111.0;4002;216;0.0;0.0;0.0;0.0;4003;216;0.0;0.0;0.0;0.0;4002.5;0.0
0;20112.0;4001;270;0.0;0.0;0.0;0.0;4003;270;0.0;0.0;0.0;0.0;4002.0;0.0
0;20113.0;4001;89;4000.0;151.0;0.0;0.0;4002;232;0.0;0.0;0.0;0.0;4001.5;0.0
0;20114.0;4001;79;4000.0;175.0;0.0;0.0;4002;254;0.0;0.0;0.0;0.0;4001.5;0.0
0;20115.0;4000;216;0.0;0.0;0.0;0.0;4002;216;0.0;0.0;0.0;0.0;4001.0;0.0
0;20116.0;4000;267;0.0;0.0;0.0;0.0;4001;267;0.0;0.0;0.0;0.0;4000.5;0.0
0;20117.0;4000;229;0.0;0.0;0.0;0.0;4001;55;4002.0;174.0;0.0;0.0;4000.5;0.0
0;20118.0;4000;91;3999.0;163.0;0.0;0.0;4001;254;0.0;0.0;0.0;0.0;4000.5;0.0
0;20119.0;4000;216;0.0;0.0;0.0;0.0;4002;216;0.0;0.0;0.0;0.0;4001.0;0.0
0;20120.0;4001;77;4000.0;129.0;0.0;0.0;4002;206;0.0;0.0;0.0;0.0;4001.5;0.0
0;20121.0;4001;253;0.0;0.0;0.0;0.0;4002;253;0.0;0.0;0.0;0.0;4001.5;0.0
0;20122.0;4001;195;0.0;0.0;0.0;0.0;4002;195;0.0;0.0;0.0;0.0;4001.5;0.0
0;20123.0;4001;218;0.0;0.0;0.0;0.0;4002;74;4003.0;149.0;0.0;0.0;4001.5;0.0
0;20124.0;4001;255;0.0;0.0;0.0;0.0;4003;255;0.0;0.0;0.0;0.0;4002.0;0.0
0;20125.0;4001;71;4000.0;156.0;0.0;0.0;4002;236;0.0;0.0;0.0;0.0;4001.5;0.0
0;20126.0;4000;251;0.0;0.0;0.0;0.0;4002;251;0.0;0.0;0.0;0.0;4001.0;0.0
0;20127.0;4000;219;0.0;0.0;0.0;0.0;4001;59;4002.0;160.0;0.0;0.0;4000.5;0.0
0;20128.0;4000;230;0.0;0.0;0.0;0.0;4001;91;4002.0;139.0;0.0;0.0;4000.5;0.0
0;20129.0;4000;208;0.0;0.0;0.0;0.0;4001;208;0.0;0.0;0.0;0.0;4000.5;0.0
0;20130.0;4000;83;3999.0;186.0;0.0;0.0;4001;269;0.0;0.0;0.0;0.0;4000.5;0.0
0;20131.0;4000;61;3999.0;176.0;0.0;0.0;4001;237;0.0;0.0;0.0;0.0;4000.5;0.0
0;20132.0;3999;197;0.0;0.0;0.0;0.0;4001;197;0.0;0.0;0.0;0.0;4000.0;0.0
0;20133.0;3999;207;0.0;0.0;0.0;0.0;4001;207;0.0;0.0;0.0;0.0;4000.0;0.0
0;20134.0;3999;184;0.0;0.0;0.0;0.0;4000;181;0.0;0.0;0.0;0.0;3999.5;0.0
0;20135.0;3998;239;0.0;0.0;0.0;0.0;4000;239;0.0;0.0;0.0;0.0;3999.0;0.0
0;20136.0;3998;53;3997.0;136.0;0.0;0.0;3999;189;0.0;0.0;0.0;0.0;3998.5;0.0
0;20137.0;3998;247;0.0;0.0;0.0;0.0;3999;247;0.0;0.0;0.0;0.0;3998.5;0.0
0;20138.0;3998;83;3997.0;195.0;0.0;0.0;3999;278;0.0;0.0;0.0;0.0;3998.5;0.0
0;20139.0;3998;68;3997.0;187.0;0.0;0.0;3999;255;0.0;0.0;0.0;0.0;3998.5;0.0
0;20140.0;3998;12;3997.0;236.0;0.0;0.0;3999;236;0.0;0.0;0.0;0.0;3998.5;0.0
0;20141.0;3997;260;0.0;0.0;0.0;0.0;3999;260;0.0;0.0;0.0;0.0;3998.0;0.0
0;20142.0;3998;99;3997.0;185.0;0.0;0.0;3999;284;0.0;0.0;0.0;0.0;3998.5;0.0
0;20143.0;3998;73;3997.0;189.0;0.0;0.0;3999;262;0.0;0.0;0.0;0.0;3998.5;0.0
0;20144.0;3998;259;0.0;0.0;0.0;0.0;3999;84;4000.0;175.0;0.0;0.0;3998.5;0.0
0;20145.0;3998;205;0.0;0.0;0.0;0.0;4000;205;0.0;0.0;0.0;0.0;3999.0;0.0
0;20146.0;3998;266;0.0;0.0;0.0;0.0;4000;266;0.0;0.0;0.0;0.0;3999.0;0.0
0;20147.0;3997;188;0.0;0.0;0.0;0.0;3999;188;0.0;0.0;0.0;0.0;3998.0;0.0
0;20148.0;3997;204;0.0;0.0;0.0;0.0;3998;88;3999.0;116.0;0.0;0.0;3997.5;0.0
0;20149.0;3997;196;0.0;0.0;0.0;0.0;3999;196;0.0;0.0;0.0;0.0;3998.0;0.0
0;20150.0;3997;202;0.0;0.0;0.0;0.0;3998;89;3999.0;113.0;0.0;0.0;3997.5;0.0
0;20151.0;3997;165;0.0;0.0;0.0;0.0;3999;170;0.0;0.0;0.0;0.0;3998.0;0.0
0;20152.0;3997;83;3996.0;104.0;0.0;0.0;3998;187;0.0;0.0;0.0;0.0;3997.5;0.0
0;20153.0;3997;86;3996.0;138.0;0.0;0.0;3998;224;0.0;0.0;0.0;0.0;3997.5;0.0
0;20154.0;3996;244;0.0;0.0;0.0;0.0;3997;10;3998.0;244.0;0.0;0.0;3996.5;0.0
0;20155.0;3996;249;0.0;0.0;0.0;0.0;3998;249;0.0;0.0;0.0;0.0;3997.0;0.0
0;20156.0;3996;200;0.0;0.0;0.0;0.0;3997;54;3998.0;146.0;0.0;0.0;3996.5;0.0
0;20157.0;3996;264;0.0;0.0;0.0;0.0;3997;264;0.0;0.0;0.0;0.0;3996.5;0.0
0;20158.0;3996;237;0.0;0.0;0.0;0.0;3997;67;3998.0;170.0;0.0;0.0;3996.5;0.0
0;20159.0;3997;49;3996.0;112.0;0.0;0.0;3998;166;0.0;0.0;0.0;0.0;3997.5;0.0
0;20160.0;3997;60;3996.0;112.0;0.0;0.0;3998;172;0.0;0.0;0.0;0.0;3997.5;0.0
0;20161.0;3997;234;0.0;0.0;0.0;0.0;3998;87;3999.0;147.0;0.0;0.0;3997.5;0.0
0;20162.0;3997;219;0.0;0.0;0.0;0.0;3999;219;0.0;0.0;0.0;0.0;3998.0;0.0
0;20163.0;3997;235;0.0;0.0;0.0;0.0;3998;78;3999.0;157.0;0.0;0.0;3997.5;0.0
0;20164.0;3997;95;3996.0;193.0;0.0;0.0;3998;288;0.0;0.0;0.0;0.0;3997.5;0.0
0;20165.0;3997;210;0.0;0.0;0.0;0.0;3998;68;3999.0;142.0;0.0;0.0;3997.5;0.0
0;20166.0;3997;255;0.0;0.0;0.0;0.0;3999;255;0.0;0.0;0.0;0.0;3998.0;0.0
0;20167.0;3998;256;0.0;0.0;0.0;0.0;3999;75;4000.0;181.0;0.0;0.0;3998.5;0.0
0;20168.0;3998;250;0.0;0.0;0.0;0.0;4000;250;0.0;0.0;0.0;0.0;3999.0;0.0
0;20169.0;3998;169;0.0;0.0;0.0;0.0;4000;169;0.0;0.0;0.0;0.0;3999.0;0.0
0;20170.0;3998;265;0.0;0.0;0.0;0.0;4000;265;0.0;0.0;0.0;0.0;3999.0;0.0
0;20171.0;3999;56;3998.0;150.0;0.0;0.0;4000;206;0.0;0.0;0.0;0.0;3999.5;0.0
0;20172.0;3999;84;3998.0;120.0;0.0;0.0;4000;204;0.0;0.0;0.0;0.0;3999.5;0.0
0;20173.0;3999;57;3998.0;178.0;0.0;0.0;4000;235;0.0;0.0;0.0;0.0;3999.5;0.0
0;20174.0;3997;259;0.0;0.0;0.0;0.0;3999;259;0.0;0.0;0.0;0.0;3998.0;0.0
0;20175.0;3997;208;0.0;0.0;0.0;0.0;3998;208;0.0;0.0;0.0;0.0;3997.5;0.0
0;20176.0;3998;161;0.0;0.0;0.0;0.0;3999;167;0.0;0.0;0.0;0.0;3998.5;0.0
0;20177.0;3998;92;3997.0;173.0;0.0;0.0;3999;265;0.0;0.0;0.0;0.0;3998.5;0.0
0;20178.0;3997;281;0.0;0.0;0.0;0.0;3999;281;0.0;0.0;0.0;0.0;3998.0;0.0
0;20179.0;3997;180;0.0;0.0;0.0;0.0;3999;180;0.0;0.0;0.0;0.0;3998.0;0.0
0;20180.0;3997;157;0.0;0.0;0.0;0.0;3999;157;0.0;0.0;0.0;0.0;3998.0;0.0
0;20181.0;3997;215;0.0;0.0;0.0;0.0;3998;100;3999.0;115.0;0.0;0.0;3997.5;0.0
0;20182.0;3997;237;0.0;0.0;0.0;0.0;3998;225;0.0;0.0;0.0;0.0;3997.5;0.0
0;20183.0;3996;159;0.0;0.0;0.0;0.0;3998;159;0.0;0.0;0.0;0.0;3997.0;0.0
0;20184.0;3997;7;3996.0;236.0;0.0;0.0;3998;236;0.0;0.0;0.0;0.0;3997.5;0.0
0;20185.0;3997;245;0.0;0.0;0.0;0.0;3998;245;0.0;0.0;0.0;0.0;3997.5;0.0
0;20186.0;3997;195;0.0;0.0;0.0;0.0;3998;195;0.0;0.0;0.0;0.0;3997.5;0.0
0;20187.0;3997;216;0.0;0.0;0.0;0.0;3998;62;3999.0;154.0;0.0;0.0;3997.5;0.0
0;20188.0;3997;259;0.0;0.0;0.0;0.0;3998;68;3999.0;191.0;0.0;0.0;3997.5;0.0
0;20189.0;3997;232;0.0;0.0;0.0;0.0;3999;232;0.0;0.0;0.0;0.0;3998.0;0.0
0;20190.0;3998;178;0.0;0.0;0.0;0.0;3999;178;0.0;0.0;0.0;0.0;3998.5;0.0
0;20191.0;3998;204;0.0;0.0;0.0;0.0;3999;80;4000.0;124.0;0.0;0.0;3998.5;0.0
0;20192.0;3998;86;3997.0;181.0;0.0;0.0;3999;267;0.0;0.0;0.0;0.0;3998.5;0.0
0;20193.0;3997;206;0.0;0.0;0.0;0.0;3999;206;0.0;0.0;0.0;0.0;3998.0;0.0
0;20194.0;3998;56;3997.0;158.0;0.0;0.0;3999;214;0.0;0.0;0.0;0.0;3998.5;0.0
0;20195.0;3998;201;0.0;0.0;0.0;0.0;3999;201;0.0;0.0;0.0;0.0;3998.5;0.0
0;20196.0;3998;251;0.0;0.0;0.0;0.0;4000;251;0.0;0.0;0.0;0.0;3999.0;0.0
0;20197.0;3998;228;0.0;0.0;0.0;0.0;4000;228;0.0;0.0;0.0;0.0;3999.0;0.0
0;20198.0;3999;99;3998.0;191.0;0.0;0.0;4000;290;0.0;0.0;0.0;0.0;3999.5;0.0
0;20199.0;3999;69;3998.0;160.0;0.0;0.0;4000;229;0.0;0.0;0.0;0.0;3999.5;0.0
0;20200.0;3999;84;3998.0;184.0;0.0;0.0;4000;256;0.0;0.0;0.0;0.0;3999.5;0.0
0;20201.0;3999;66;3998.0;145.0;0.0;0.0;4000;211;0.0;0.0;0.0;0.0;3999.5;0.0
0;20202.0;3999;61;3998.0;191.0;0.0;0.0;4000;252;0.0;0.0;0.0;0.0;3999.5;0.0
0;20203.0;3999;58;3998.0;161.0;0.0;0.0;4000;219;0.0;0.0;0.0;0.0;3999.5;0.0
0;20204.0;3998;180;0.0;0.0;0.0;0.0;4000;180;0.0;0.0;0.0;0.0;3999.0;0.0
0;20205.0;3998;285;0.0;0.0;0.0;0.0;3999;94;4000.0;191.0;0.0;0.0;3998.5;0.0
0;20206.0;3998;234;0.0;0.0;0.0;0.0;3999;234;0.0;0.0;0.0;0.0;3998.5;0.0
0;20207.0;3998;190;0.0;0.0;0.0;0.0;4000;190;0.0;0.0;0.0;0.0;3999.0;0.0
0;20208.0;3999;66;3998.0;126.0;0.0;0.0;4000;192;0.0;0.0;0.0;0.0;3999.5;0.0
0;20209.0;3998;228;0.0;0.0;0.0;0.0;4000;228;0.0;0.0;0.0;0.0;3999.0;0.0
0;20210.0;3999;211;0.0;0.0;0.0;0.0;4000;211;0.0;0.0;0.0;0.0;3999.5;0.0
0;20211.0;3999;214;0.0;0.0;0.0;0.0;4000;81;4001.0;133.0;0.0;0.0;3999.5;0.0
0;20212.0;3999;174;0.0;0.0;0.0;0.0;4000;174;0.0;0.0;0.0;0.0;3999.5;0.0
0;20213.0;3999;233;0.0;0.0;0.0;0.0;4001;233;0.0;0.0;0.0;0.0;4000.0;0.0
0;20214.0;3998;187;0.0;0.0;0.0;0.0;4000;187;0.0;0.0;0.0;0.0;3999.0;0.0
0;20215.0;3998;203;0.0;0.0;0.0;0.0;4000;203;0.0;0.0;0.0;0.0;3999.0;0.0
0;20216.0;3999;168;0.0;0.0;0.0;0.0;4000;67;4001.0;101.0;0.0;0.0;3999.5;0.0
0;20217.0;3999;98;3998.0;189.0;0.0;0.0;4000;287;0.0;0.0;0.0;0.0;3999.5;0.0
0;20218.0;3999;65;3998.0;184.0;0.0;0.0;4000;249;0.0;0.0;0.0;0.0;3999.5;0.0
0;20219.0;3999;170;0.0;0.0;0.0;0.0;4001;170;0.0;0.0;0.0;0.0;4000.0;0.0
0;20220.0;3999;229;0.0;0.0;0.0;0.0;4001;229;0.0;0.0;0.0;0.0;4000.0;0.0
0;20221.0;3999;202;0.0;0.0;0.0;0.0;4001;202;0.0;0.0;0.0;0.0;4000.0;0.0
0;20222.0;4000;54;3999.0;121.0;0.0;0.0;4001;175;0.0;0.0;0.0;0.0;4000.5;0.0
0;20223.0;4000;262;0.0;0.0;0.0;0.0;4002;262;0.0;0.0;0.0;0.0;4001.0;0.0
0;20224.0;4000;170;0.0;0.0;0.0;0.0;4001;64;4002.0;106.0;0.0;0.0;4000.5;0.0
0;20225.0;3999;216;0.0;0.0;0.0;0.0;4000;6;4001.0;216.0;0.0;0.0;3999.5;0.0
0;20226.0;4000;232;0.0;0.0;0.0;0.0;4002;232;0.0;0.0;0.0;0.0;4001.0;0.0
0;20227.0;4000;233;0.0;0.0;0.0;0.0;4002;233;0.0;0.0;0.0;0.0;4001.0;0.0
0;20228.0;4000;236;0.0;0.0;0.0;0.0;4001;236;0.0;0.0;0.0;0.0;4000.5;0.0
0;20229.0;4000;218;0.0;0.0;0.0;0.0;4001;218;0.0;0.0;0.0;0.0;4000.5;0.0
0;20230.0;4000;263;0.0;0.0;0.0;0.0;4002;263;0.0;0.0;0.0;0.0;4001.0;0.0
0;20231.0;4000;219;0.0;0.0;0.0;0.0;4002;219;0.0;0.0;0.0;0.0;4001.0;0.0
0;20232.0;4001;93;4000.0;130.0;0.0;0.0;4002;223;0.0;0.0;0.0;0.0;4001.5;0.0
0;20233.0;4000;241;0.0;0.0;0.0;0.0;4002;241;0.0;0.0;0.0;0.0;4001.0;0.0
0;20234.0;4000;243;0.0;0.0;0.0;0.0;4002;243;0.0;0.0;0.0;0.0;4001.0;0.0
0;20235.0;4000;74;3999.0;170.0;0.0;0.0;4001;244;0.0;0.0;0.0;0.0;4000.5;0.0
0;20236.0;3999;221;0.0;0.0;0.0;0.0;4001;221;0.0;0.0;0.0;0.0;4000.0;0.0
0;20237.0;3999;204;0.0;0.0;0.0;0.0;4000;84;4001.0;120.0;0.0;0.0;3999.5;0.0
0;20238.0;4000;260;0.0;0.0;0.0;0.0;4001;260;0.0;0.0;0.0;0.0;4000.5;0.0
0;20239.0;4000;207;0.0;0.0;0.0;0.0;4001;64;4002.0;143.0;0.0;0.0;4000.5;0.0
0;20240.0;4000;251;0.0;0.0;0.0;0.0;4002;251;0.0;0.0;0.0;0.0;4001.0;0.0
0;20241.0;4000;248;0.0;0.0;0.0;0.0;4002;248;0.0;0.0;0.0;0.0;4001.0;0.0
0;20242.0;4000;278;0.0;0.0;0.0;0.0;4002;270;0.0;0.0;0.0;0.0;4001.0;0.0
0;20243.0;4000;242;0.0;0.0;0.0;0.0;4001;242;0.0;0.0;0.0;0.0;4000.5;0.0
0;20244.0;4000;91;3999.0;157.0;0.0;0.0;4001;248;0.0;0.0;0.0;0.0;4000.5;0.0
0;20245.0;4000;54;3999.0;154.0;0.0;0.0;4001;208;0.0;0.0;0.0;0.0;4000.5;0.0
0;20246.0;3999;263;0.0;0.0;0.0;0.0;4001;263;0.0;0.0;0.0;0.0;4000.0;0.0
0;20247.0;4000;229;0.0;0.0;0.0;0.0;4001;60;4002.0;169.0;0.0;0.0;4000.5;0.0
0;20248.0;4000;65;3999.0;197.0;0.0;0.0;4001;262;0.0;0.0;0.0;0.0;4000.5;0.0
0;20249.0;3999;174;0.0;0.0;0.0;0.0;4001;174;0.0;0.0;0.0;0.0;4000.0;0.0
0;20250.0;3999;217;0.0;0.0;0.0;0.0;4000;58;4001.0;159.0;0.0;0.0;3999.5;0.0
0;20251.0;3999;252;0.0;0.0;0.0;0.0;4001;252;0.0;0.0;0.0;0.0;4000.0;0.0
0;20252.0;3999;241;0.0;0.0;0.0;0.0;4000;81;4001.0;160.0;0.0;0.0;3999.5;0.0
0;20253.0;3999;79;3998.0;164.0;0.0;0.0;4000;243;0.0;0.0;0.0;0.0;3999.5;0.0
0;20254.0;3999;179;0.0;0.0;0.0;0.0;4001;179;0.0;0.0;0.0;0.0;4000.0;0.0
0;20255.0;3999;176;0.0;0.0;0.0;0.0;4001;176;0.0;0.0;0.0;0.0;4000.0;0.0
0;20256.0;4000;73;3999.0;144.0;0.0;0.0;4001;217;0.0;0.0;0.0;0.0;4000.5;0.0
0;20257.0;4000;205;0.0;0.0;0.0;0.0;4001;62;4002.0;136.0;0.0;0.0;4000.5;0.0
0;20258.0;4000;179;0.0;0.0;0.0;0.0;4002;179;0.0;0.0;0.0;0.0;4001.0;0.0
0;20259.0;4000;227;0.0;0.0;0.0;0.0;4002;227;0.0;0.0;0.0;0.0;4001.0;0.0
0;20260.0;4000;226;0.0;0.0;0.0;0.0;4002;226;0.0;0.0;0.0;0.0;4001.0;0.0
0;20261.0;4000;203;0.0;0.0;0.0;0.0;4002;203;0.0;0.0;0.0;0.0;4001.0;0.0
0;20262.0;4000;208;0.0;0.0;0.0;0.0;4002;208;0.0;0.0;0.0;0.0;4001.0;0.0
0;20263.0;4000;184;0.0;0.0;0.0;0.0;4001;80;4002.0;104.0;0.0;0.0;4000.5;0.0
0;20264.0;4000;256;0.0;0.0;0.0;0.0;4002;256;0.0;0.0;0.0;0.0;4001.0;0.0
0;20265.0;4000;280;0.0;0.0;0.0;0.0;4001;82;4002.0;198.0;0.0;0.0;4000.5;0.0
0;20266.0;4000;246;0.0;0.0;0.0;0.0;4002;246;0.0;0.0;0.0;0.0;4001.0;0.0
0;20267.0;4001;167;0.0;0.0;0.0;0.0;4002;55;4003.0;112.0;0.0;0.0;4001.5;0.0
0;20268.0;4001;196;0.0;0.0;0.0;0.0;4003;196;0.0;0.0;0.0;0.0;4002.0;0.0
0;20269.0;4002;79;4001.0;191.0;0.0;0.0;4003;270;0.0;0.0;0.0;0.0;4002.5;0.0
0;20270.0;4002;265;0.0;0.0;0.0;0.0;4003;265;0.0;0.0;0.0;0.0;4002.5;0.0
0;20271.0;4002;241;0.0;0.0;0.0;0.0;4003;241;0.0;0.0;0.0;0.0;4002.5;0.0
0;20272.0;4001;232;0.0;0.0;0.0;0.0;4002;232;0.0;0.0;0.0;0.0;4001.5;0.0
0;20273.0;4000;232;0.0;0.0;0.0;0.0;4001;100;4002.0;129.0;0.0;0.0;4000.5;0.0
0;20274.0;4000;90;3999.0;194.0;0.0;0.0;4001;284;0.0;0.0;0.0;0.0;4000.5;0.0
0;20275.0;3999;208;0.0;0.0;0.0;0.0;4001;208;0.0;0.0;0.0;0.0;4000.0;0.0
0;20276.0;4000;251;0.0;0.0;0.0;0.0;4001;251;0.0;0.0;0.0;0.0;4000.5;0.0
0;20277.0;4000;69;3999.0;128.0;0.0;0.0;4001;197;0.0;0.0;0.0;0.0;4000.5;0.0
0;20278.0;3999;192;0.0;0.0;0.0;0.0;4001;192;0.0;0.0;0.0;0.0;4000.0;0.0
0;20279.0;3999;185;0.0;0.0;0.0;0.0;4000;63;4001.0;114.0;0.0;0.0;3999.5;0.0
0;20280.0;3999;65;3998.0;161.0;0.0;0.0;4000;226;0.0;0.0;0.0;0.0;3999.5;0.0
0;20281.0;3999;57;3998.0;187.0;0.0;0.0;4000;244;0.0;0.0;0.0;0.0;3999.5;0.0
0;20282.0;3999;209;0.0;0.0;0.0;0.0;4001;209;0.0;0.0;0.0;0.0;4000.0;0.0
0;20283.0;3999;238;0.0;0.0;0.0;0.0;4001;238;0.0;0.0;0.0;0.0;4000.0;0.0
0;20284.0;3999;213;0.0;0.0;0.0;0.0;4000;90;4001.0;123.0;0.0;0.0;3999.5;0.0
0;20285.0;3999;214;0.0;0.0;0.0;0.0;4001;214;0.0;0.0;0.0;0.0;4000.0;0.0
0;20286.0;3999;203;0.0;0.0;0.0;0.0;4001;203;0.0;0.0;0.0;0.0;4000.0;0.0
0;20287.0;3999;203;0.0;0.0;0.0;0.0;4000;97;4001.0;106.0;0.0;0.0;3999.5;0.0
0;20288.0;3999;242;0.0;0.0;0.0;0.0;4001;242;0.0;0.0;0.0;0.0;4000.0;0.0
0;20289.0;3999;215;0.0;0.0;0.0;0.0;4001;215;0.0;0.0;0.0;0.0;4000.0;0.0
0;20290.0;3999;287;0.0;0.0;0.0;0.0;4001;287;0.0;0.0;0.0;0.0;4000.0;0.0
0;20291.0;3999;76;3998.0;141.0;0.0;0.0;4000;217;0.0;0.0;0.0;0.0;3999.5;0.0
0;20292.0;3999;59;3998.0;175.0;0.0;0.0;4000;234;0.0;0.0;0.0;0.0;3999.5;0.0
0;20293.0;3999;53;3998.0;175.0;0.0;0.0;4000;228;0.0;0.0;0.0;0.0;3999.5;0.0
0;20294.0;3999;83;3998.0;179.0;0.0;0.0;4000;262;0.0;0.0;0.0;0.0;3999.5;0.0
0;20295.0;3999;218;0.0;0.0;0.0;0.0;4000;218;0.0;0.0;0.0;0.0;3999.5;0.0
0;20296.0;3999;184;0.0;0.0;0.0;0.0;4000;184;0.0;0.0;0.0;0.0;3999.5;0.0
0;20297.0;3998;241;0.0;0.0;0.0;0.0;4000;248;0.0;0.0;0.0;0.0;3999.0;0.0
0;20298.0;3998;245;0.0;0.0;0.0;0.0;4000;245;0.0;0.0;0.0;0.0;3999.0;0.0
0;20299.0;3998;250;0.0;0.0;0.0;0.0;3999;50;4000.0;200.0;0.0;0.0;3998.5;0.0
0;20300.0;3998;60;3997.0;150.0;0.0;0.0;3999;210;0.0;0.0;0.0;0.0;3998.5;0.0
0;20301.0;3998;79;3997.0;100.0;0.0;0.0;3999;179;0.0;0.0;0.0;0.0;3998.5;0.0
0;20302.0;3997;242;0.0;0.0;0.0;0.0;3998;242;0.0;0.0;0.0;0.0;3997.5;0.0
0;20303.0;3997;264;0.0;0.0;0.0;0.0;3999;264;0.0;0.0;0.0;0.0;3998.0;0.0
0;20304.0;3997;201;0.0;0.0;0.0;0.0;3998;65;3999.0;130.0;0.0;0.0;3997.5;0.0
0;20305.0;3997;272;0.0;0.0;0.0;0.0;3999;272;0.0;0.0;0.0;0.0;3998.0;0.0
0;20306.0;3997;204;0.0;0.0;0.0;0.0;3999;204;0.0;0.0;0.0;0.0;3998.0;0.0
0;20307.0;3997;194;0.0;0.0;0.0;0.0;3999;194;0.0;0.0;0.0;0.0;3998.0;0.0
0;20308.0;3997;248;0.0;0.0;0.0;0.0;3998;248;0.0;0.0;0.0;0.0;3997.5;0.0
0;20309.0;3997;239;0.0;0.0;0.0;0.0;3998;239;0.0;0.0;0.0;0.0;3997.5;0.0
0;20310.0;3997;202;0.0;0.0;0.0;0.0;3999;202;0.0;0.0;0.0;0.0;3998.0;0.0
0;20311.0;3997;224;0.0;0.0;0.0;0.0;3998;224;0.0;0.0;0.0;0.0;3997.5;0.0
0;20312.0;3997;207;0.0;0.0;0.0;0.0;3999;207;0.0;0.0;0.0;0.0;3998.0;0.0
0;20313.0;3998;6;3997.0;222.0;0.0;0.0;3999;222;0.0;0.0;0.0;0.0;3998.5;0.0
0;20314.0;3997;160;0.0;0.0;0.0;0.0;3999;160;0.0;0.0;0.0;0.0;3998.0;0.0
0;20315.0;3998;96;3997.0;136.0;0.0;0.0;3999;232;0.0;0.0;0.0;0.0;3998.5;0.0
0;20316.0;3998;250;0.0;0.0;0.0;0.0;3999;250;0.0;0.0;0.0;0.0;3998.5;0.0
0;20317.0;3998;7;3997.0;168.0;0.0;0.0;3999;168;0.0;0.0;0.0;0.0;3998.5;0.0
0;20318.0;3998;75;3997.0;171.0;0.0;0.0;3999;246;0.0;0.0;0.0;0.0;3998.5;0.0
0;20319.0;3997;192;0.0;0.0;0.0;0.0;3999;192;0.0;0.0;0.0;0.0;3998.0;0.0
0;20320.0;3997;189;0.0;0.0;0.0;0.0;3999;189;0.0;0.0;0.0;0.0;3998.0;0.0
0;20321.0;3997;234;0.0;0.0;0.0;0.0;3999;234;0.0;0.0;0.0;0.0;3998.0;0.0
0;20322.0;3997;95;3996.0;191.0;0.0;0.0;3998;286;0.0;0.0;0.0;0.0;3997.5;0.0
0;20323.0;3996;260;0.0;0.0;0.0;0.0;3998;260;0.0;0.0;0.0;0.0;3997.0;0.0
0;20324.0;3997;63;3996.0;108.0;0.0;0.0;3998;171;0.0;0.0;0.0;0.0;3997.5;0.0
0;20325.0;3996;193;0.0;0.0;0.0;0.0;3997;58;3998.0;135.0;0.0;0.0;3996.5;0.0
0;20326.0;3997;69;3996.0;113.0;0.0;0.0;3998;182;0.0;0.0;0.0;0.0;3997.5;0.0
0;20327.0;3997;68;3996.0;110.0;0.0;0.0;3998;178;0.0;0.0;0.0;0.0;3997.5;0.0
0;20328.0;3997;206;0.0;0.0;0.0;0.0;3998;206;0.0;0.0;0.0;0.0;3997.5;0.0
0;20329.0;3997;210;0.0;0.0;0.0;0.0;3998;62;3999.0;148.0;0.0;0.0;3997.5;0.0
0;20330.0;3997;229;0.0;0.0;0.0;0.0;3999;229;0.0;0.0;0.0;0.0;3998.0;0.0
0;20331.0;3997;243;0.0;0.0;0.0;0.0;3999;243;0.0;0.0;0.0;0.0;3998.0;0.0
0;20332.0;3997;190;0.0;0.0;0.0;0.0;3998;190;0.0;0.0;0.0;0.0;3997.5;0.0
0;20333.0;3996;189;0.0;0.0;0.0;0.0;3998;189;0.0;0.0;0.0;0.0;3997.0;0.0
0;20334.0;3997;60;3996.0;185.0;0.0;0.0;3998;245;0.0;0.0;0.0;0.0;3997.5;0.0
0;20335.0;3996;220;0.0;0.0;0.0;0.0;3998;220;0.0;0.0;0.0;0.0;3997.0;0.0
0;20336.0;3996;283;0.0;0.0;0.0;0.0;3998;283;0.0;0.0;0.0;0.0;3997.0;0.0
0;20337.0;3996;184;0.0;0.0;0.0;0.0;3998;184;0.0;0.0;0.0;0.0;3997.0;0.0
0;20338.0;3997;289;0.0;0.0;0.0;0.0;3998;289;0.0;0.0;0.0;0.0;3997.5;0.0
0;20339.0;3997;77;3996.0;183.0;0.0;0.0;3998;260;0.0;0.0;0.0;0.0;3997.5;0.0
0;20340.0;3996;150;0.0;0.0;0.0;0.0;3997;155;0.0;0.0;0.0;0.0;3996.5;0.0
0;20341.0;3996;168;0.0;0.0;0.0;0.0;3998;168;0.0;0.0;0.0;0.0;3997.0;0.0
0;20342.0;3996;210;0.0;0.0;0.0;0.0;3998;210;0.0;0.0;0.0;0.0;3997.0;0.0
0;20343.0;3996;76;3995.0;179.0;0.0;0.0;3997;255;0.0;0.0;0.0;0.0;3996.5;0.0
0;20344.0;3995;255;0.0;0.0;0.0;0.0;3997;255;0.0;0.0;0.0;0.0;3996.0;0.0
0;20345.0;3996;215;0.0;0.0;0.0;0.0;3998;215;0.0;0.0;0.0;0.0;3997.0;0.0
0;20346.0;3996;159;0.0;0.0;0.0;0.0;3997;159;0.0;0.0;0.0;0.0;3996.5;0.0
0;20347.0;3996;260;0.0;0.0;0.0;0.0;3998;260;0.0;0.0;0.0;0.0;3997.0;0.0
0;20348.0;3996;258;0.0;0.0;0.0;0.0;3997;85;3998.0;173.0;0.0;0.0;3996.5;0.0
0;20349.0;3995;216;0.0;0.0;0.0;0.0;3997;216;0.0;0.0;0.0;0.0;3996.0;0.0
0;20350.0;3995;197;0.0;0.0;0.0;0.0;3997;197;0.0;0.0;0.0;0.0;3996.0;0.0
0;20351.0;3995;188;0.0;0.0;0.0;0.0;3997;188;0.0;0.0;0.0;0.0;3996.0;0.0
0;20352.0;3996;268;0.0;0.0;0.0;0.0;3997;268;0.0;0.0;0.0;0.0;3996.5;0.0
0;20353.0;3996;85;3995.0;147.0;0.0;0.0;3997;227;0.0;0.0;0.0;0.0;3996.5;0.0
0;20354.0;3996;247;0.0;0.0;0.0;0.0;3998;247;0.0;0.0;0.0;0.0;3997.0;0.0
0;20355.0;3996;231;0.0;0.0;0.0;0.0;3998;231;0.0;0.0;0.0;0.0;3997.0;0.0
0;20356.0;3996;86;3995.0;119.0;0.0;0.0;3997;205;0.0;0.0;0.0;0.0;3996.5;0.0
0;20357.0;3996;168;0.0;0.0;0.0;0.0;3997;179;0.0;0.0;0.0;0.0;3996.5;0.0
0;20358.0;3995;251;0.0;0.0;0.0;0.0;3997;251;0.0;0.0;0.0;0.0;3996.0;0.0
0;20359.0;3995;255;0.0;0.0;0.0;0.0;3997;255;0.0;0.0;0.0;0.0;3996.0;0.0
0;20360.0;3995;268;0.0;0.0;0.0;0.0;3997;268;0.0;0.0;0.0;0.0;3996.0;0.0
0;20361.0;3995;237;0.0;0.0;0.0;0.0;3997;237;0.0;0.0;0.0;0.0;3996.0;0.0
0;20362.0;3996;51;3995.0;175.0;0.0;0.0;3997;226;0.0;0.0;0.0;0.0;3996.5;0.0
0;20363.0;3995;206;0.0;0.0;0.0;0.0;3997;206;0.0;0.0;0.0;0.0;3996.0;0.0
0;20364.0;3996;190;0.0;0.0;0.0;0.0;3997;190;0.0;0.0;0.0;0.0;3996.5;0.0
0;20365.0;3996;244;0.0;0.0;0.0;0.0;3997;244;0.0;0.0;0.0;0.0;3996.5;0.0
0;20366.0;3996;83;3995.0;186.0;0.0;0.0;3997;269;0.0;0.0;0.0;0.0;3996.5;0.0
0;20367.0;3996;59;3995.0;133.0;0.0;0.0;3997;192;0.0;0.0;0.0;0.0;3996.5;0.0
0;20368.0;3995;255;0.0;0.0;0.0;0.0;3996;81;3997.0;174.0;0.0;0.0;3995.5;0.0
0;20369.0;3994;181;0.0;0.0;0.0;0.0;3996;181;0.0;0.0;0.0;0.0;3995.0;0.0
0;20370.0;3995;57;3994.0;104.0;0.0;0.0;3996;161;0.0;0.0;0.0;0.0;3995.5;0.0
0;20371.0;3995;54;3994.0;122.0;0.0;0.0;3996;176;0.0;0.0;0.0;0.0;3995.5;0.0
0;20372.0;3995;170;0.0;0.0;0.0;0.0;3996;70;3997.0;100.0;0.0;0.0;3995.5;0.0
0;20373.0;3995;265;0.0;0.0;0.0;0.0;3997;265;0.0;0.0;0.0;0.0;3996.0;0.0
0;20374.0;3995;244;0.0;0.0;0.0;0.0;3996;244;0.0;0.0;0.0;0.0;3995.5;0.0
0;20375.0;3995;276;0.0;0.0;0.0;0.0;3997;276;0.0;0.0;0.0;0.0;3996.0;0.0
0;20376.0;3995;252;0.0;0.0;0.0;0.0;3997;252;0.0;0.0;0.0;0.0;3996.0;0.0
0;20377.0;3995;58;3994.0;110.0;0.0;0.0;3996;168;0.0;0.0;0.0;0.0;3995.5;0.0
0;20378.0;3995;183;0.0;0.0;0.0;0.0;3996;183;0.0;0.0;0.0;0.0;3995.5;0.0
0;20379.0;3995;226;0.0;0.0;0.0;0.0;3997;226;0.0;0.0;0.0;0.0;3996.0;0.0
0;20380.0;3996;233;0.0;0.0;0.0;0.0;3997;233;0.0;0.0;0.0;0.0;3996.5;0.0
0;20381.0;3996;227;0.0;0.0;0.0;0.0;3998;227;0.0;0.0;0.0;0.0;3997.0;0.0
0;20382.0;3996;189;0.0;0.0;0.0;0.0;3998;189;0.0;0.0;0.0;0.0;3997.0;0.0
0;20383.0;3996;231;0.0;0.0;0.0;0.0;3997;96;3998.0;135.0;0.0;0.0;3996.5;0.0
0;20384.0;3996;197;0.0;0.0;0.0;0.0;3998;197;0.0;0.0;0.0;0.0;3997.0;0.0
0;20385.0;3996;253;0.0;0.0;0.0;0.0;3998;253;0.0;0.0;0.0;0.0;3997.0;0.0
0;20386.0;3996;267;0.0;0.0;0.0;0.0;3997;267;0.0;0.0;0.0;0.0;3996.5;0.0
0;20387.0;3997;204;0.0;0.0;0.0;0.0;3999;204;0.0;0.0;0.0;0.0;3998.0;0.0
0;20388.0;3997;199;0.0;0.0;0.0;0.0;3999;199;0.0;0.0;0.0;0.0;3998.0;0.0
0;20389.0;3998;61;3997.0;172.0;0.0;0.0;3999;233;0.0;0.0;0.0;0.0;3998.5;0.0
0;20390.0;3998;51;3997.0;134.0;0.0;0.0;3999;185;0.0;0.0;0.0;0.0;3998.5;0.0
0;20391.0;3998;263;0.0;0.0;0.0;0.0;3999;263;0.0;0.0;0.0;0.0;3998.5;0.0
0;20392.0;3997;240;0.0;0.0;0.0;0.0;3999;240;0.0;0.0;0.0;0.0;3998.0;0.0
0;20393.0;3997;199;0.0;0.0;0.0;0.0;3999;199;0.0;0.0;0.0;0.0;3998.0;0.0
0;20394.0;3997;245;0.0;0.0;0.0;0.0;3999;245;0.0;0.0;0.0;0.0;3998.0;0.0
0;20395.0;3997;258;0.0;0.0;0.0;0.0;3999;258;0.0;0.0;0.0;0.0;3998.0;0.0
0;20396.0;3997;286;0.0;0.0;0.0;0.0;3998;286;0.0;0.0;0.0;0.0;3997.5;0.0
0;20397.0;3998;258;0.0;0.0;0.0;0.0;3999;71;4000.0;179.0;0.0;0.0;3998.5;0.0
0;20398.0;3998;241;0.0;0.0;0.0;0.0;3999;241;0.0;0.0;0.0;0.0;3998.5;0.0
0;20399.0;3998;158;0.0;0.0;0.0;0.0;3999;158;0.0;0.0;0.0;0.0;3998.5;0.0
0;20400.0;3999;69;3998.0;154.0;0.0;0.0;4000;223;0.0;0.0;0.0;0.0;3999.5;0.0
0;20401.0;3998;254;0.0;0.0;0.0;0.0;4000;254;0.0;0.0;0.0;0.0;3999.0;0.0
0;20402.0;3999;225;0.0;0.0;0.0;0.0;4000;57;4001.0;168.0;0.0;0.0;3999.5;0.0
0;20403.0;3999;41;3998.0;174.0;0.0;0.0;4000;226;0.0;0.0;0.0;0.0;3999.5;0.0
0;20404.0;3999;195;0.0;0.0;0.0;0.0;4000;195;0.0;0.0;0.0;0.0;3999.5;0.0
0;20405.0;3999;188;0.0;0.0;0.0;0.0;4000;188;0.0;0.0;0.0;0.0;3999.5;0.0
0;20406.0;3998;189;0.0;0.0;0.0;0.0;4000;189;0.0;0.0;0.0;0.0;3999.0;0.0
0;20407.0;3998;200;0.0;0.0;0.0;0.0;4000;200;0.0;0.0;0.0;0.0;3999.0;0.0
0;20408.0;3998;238;0.0;0.0;0.0;0.0;3999;81;4000.0;157.0;0.0;0.0;3998.5;0.0
0;20409.0;3998;261;0.0;0.0;0.0;0.0;3999;261;0.0;0.0;0.0;0.0;3998.5;0.0
0;20410.0;3998;70;3997.0;146.0;0.0;0.0;3999;216;0.0;0.0;0.0;0.0;3998.5;0.0
0;20411.0;3998;66;3997.0;187.0;0.0;0.0;3999;253;0.0;0.0;0.0;0.0;3998.5;0.0
0;20412.0;3997;198;0.0;0.0;0.0;0.0;3998;198;0.0;0.0;0.0;0.0;3997.5;0.0
0;20413.0;3997;269;0.0;0.0;0.0;0.0;3998;269;0.0;0.0;0.0;0.0;3997.5;0.0
0;20414.0;3997;51;3996.0;192.0;0.0;0.0;3998;243;0.0;0.0;0.0;0.0;3997.5;0.0
0;20415.0;3997;178;0.0;0.0;0.0;0.0;3998;66;3999.0;112.0;0.0;0.0;3997.5;0.0
0;20416.0;3997;191;0.0;0.0;0.0;0.0;3998;90;3999.0;101.0;0.0;0.0;3997.5;0.0
0;20417.0;3997;165;0.0;0.0;0.0;0.0;3998;165;0.0;0.0;0.0;0.0;3997.5;0.0
0;20418.0;3997;193;0.0;0.0;0.0;0.0;3998;56;3999.0;141.0;0.0;0.0;3997.5;0.0
0;20419.0;3997;73;3996.0;126.0;0.0;0.0;3998;206;0.0;0.0;0.0;0.0;3997.5;0.0
0;20420.0;3996;270;0.0;0.0;0.0;0.0;3998;270;0.0;0.0;0.0;0.0;3997.0;0.0
0;20421.0;3997;246;0.0;0.0;0.0;0.0;3998;246;0.0;0.0;0.0;0.0;3997.5;0.0
0;20422.0;3997;63;3996.0;114.0;0.0;0.0;3998;177;0.0;0.0;0.0;0.0;3997.5;0.0
0;20423.0;3997;55;3996.0;195.0;0.0;0.0;3998;250;0.0;0.0;0.0;0.0;3997.5;0.0
0;20424.0;3997;52;3996.0;190.0;0.0;0.0;3998;242;0.0;0.0;0.0;0.0;3997.5;0.0
0;20425.0;3997;87;3996.0;178.0;0.0;0.0;3998;265;0.0;0.0;0.0;0.0;3997.5;0.0
0;20426.0;3996;272;0.0;0.0;0.0;0.0;3998;272;0.0;0.0;0.0;0.0;3997.0;0.0
0;20427.0;3996;198;0.0;0.0;0.0;0.0;3998;198;0.0;0.0;0.0;0.0;3997.0;0.0
0;20428.0;3996;247;0.0;0.0;0.0;0.0;3998;247;0.0;0.0;0.0;0.0;3997.0;0.0
0;20429.0;3996;208;0.0;0.0;0.0;0.0;3998;208;0.0;0.0;0.0;0.0;3997.0;0.0
0;20430.0;3996;206;0.0;0.0;0.0;0.0;3997;59;3998.0;147.0;0.0;0.0;3996.5;0.0
0;20431.0;3996;55;3995.0;188.0;0.0;0.0;3997;240;0.0;0.0;0.0;0.0;3996.5;0.0
0;20432.0;3996;258;0.0;0.0;0.0;0.0;3997;258;0.0;0.0;0.0;0.0;3996.5;0.0
0;20433.0;3996;60;3995.0;101.0;0.0;0.0;3997;161;0.0;0.0;0.0;0.0;3996.5;0.0
0;20434.0;3996;66;3995.0;190.0;0.0;0.0;3997;256;0.0;0.0;0.0;0.0;3996.5;0.0
0;20435.0;3996;182;0.0;0.0;0.0;0.0;3997;64;3998.0;118.0;0.0;0.0;3996.5;0.0
0;20436.0;3995;201;0.0;0.0;0.0;0.0;3997;201;0.0;0.0;0.0;0.0;3996.0;0.0
0;20437.0;3995;74;3994.0;120.0;0.0;0.0;3996;194;0.0;0.0;0.0;0.0;3995.5;0.0
0;20438.0;3995;246;0.0;0.0;0.0;0.0;3997;246;0.0;0.0;0.0;0.0;3996.0;0.0
0;20439.0;3995;207;0.0;0.0;0.0;0.0;3996;207;0.0;0.0;0.0;0.0;3995.5;0.0
0;20440.0;3995;70;3994.0;123.0;0.0;0.0;3996;183;0.0;0.0;0.0;0.0;3995.5;0.0
0;20441.0;3994;253;0.0;0.0;0.0;0.0;3996;253;0.0;0.0;0.0;0.0;3995.0;0.0
0;20442.0;3994;222;0.0;0.0;0.0;0.0;3996;222;0.0;0.0;0.0;0.0;3995.0;0.0
0;20443.0;3994;243;0.0;0.0;0.0;0.0;3996;243;0.0;0.0;0.0;0.0;3995.0;0.0
0;20444.0;3995;76;3994.0;138.0;0.0;0.0;3996;214;0.0;0.0;0.0;0.0;3995.5;0.0
0;20445.0;3994;212;0.0;0.0;0.0;0.0;3996;212;0.0;0.0;0.0;0.0;3995.0;0.0
0;20446.0;3994;179;0.0;0.0;0.0;0.0;3996;179;0.0;0.0;0.0;0.0;3995.0;0.0
0;20447.0;3995;59;3994.0;179.0;0.0;0.0;3996;238;0.0;0.0;0.0;0.0;3995.5;0.0
0;20448.0;3994;192;0.0;0.0;0.0;0.0;3996;192;0.0;0.0;0.0;0.0;3995.0;0.0
0;20449.0;3995;94;3994.0;193.0;0.0;0.0;3996;287;0.0;0.0;0.0;0.0;3995.5;0.0
0;20450.0;3994;284;0.0;0.0;0.0;0.0;3996;284;0.0;0.0;0.0;0.0;3995.0;0.0
0;20451.0;3995;76;3994.0;154.0;0.0;0.0;3996;230;0.0;0.0;0.0;0.0;3995.5;0.0
0;20452.0;3995;84;3994.0;100.0;0.0;0.0;3996;184;0.0;0.0;0.0;0.0;3995.5;0.0
0;20453.0;3995;244;0.0;0.0;0.0;0.0;3996;77;3997.0;167.0;0.0;0.0;3995.5;0.0
0;20454.0;3994;225;0.0;0.0;0.0;0.0;3995;8;3996.0;225.0;0.0;0.0;3994.5;0.0
0;20455.0;3994;232;0.0;0.0;0.0;0.0;3995;94;3996.0;138.0;0.0;0.0;3994.5;0.0
0;20456.0;3994;168;0.0;0.0;0.0;0.0;3996;168;0.0;0.0;0.0;0.0;3995.0;0.0
0;20457.0;3995;92;3994.0;154.0;0.0;0.0;3996;246;0.0;0.0;0.0;0.0;3995.5;0.0
0;20458.0;3994;231;0.0;0.0;0.0;0.0;3996;231;0.0;0.0;0.0;0.0;3995.0;0.0
0;20459.0;3994;185;0.0;0.0;0.0;0.0;3995;56;3996.0;129.0;0.0;0.0;3994.5;0.0
0;20460.0;3994;251;0.0;0.0;0.0;0.0;3996;251;0.0;0.0;0.0;0.0;3995.0;0.0
0;20461.0;3994;216;0.0;0.0;0.0;0.0;3996;216;0.0;0.0;0.0;0.0;3995.0;0.0
0;20462.0;3994;274;0.0;0.0;0.0;0.0;3996;274;0.0;0.0;0.0;0.0;3995.0;0.0
0;20463.0;3994;178;0.0;0.0;0.0;0.0;3995;9;3996.0;178.0;0.0;0.0;3994.5;0.0
0;20464.0;3995;187;0.0;0.0;0.0;0.0;3996;187;0.0;0.0;0.0;0.0;3995.5;0.0
0;20465.0;3995;267;0.0;0.0;0.0;0.0;3996;79;3997.0;188.0;0.0;0.0;3995.5;0.0
0;20466.0;3995;250;0.0;0.0;0.0;0.0;3996;59;3997.0;191.0;0.0;0.0;3995.5;0.0
0;20467.0;3995;289;0.0;0.0;0.0;0.0;3997;289;0.0;0.0;0.0;0.0;3996.0;0.0
0;20468.0;3995;220;0.0;0.0;0.0;0.0;3997;220;0.0;0.0;0.0;0.0;3996.0;0.0
0;20469.0;3995;210;0.0;0.0;0.0;0.0;3997;210;0.0;0.0;0.0;0.0;3996.0;0.0
0;20470.0;3995;251;0.0;0.0;0.0;0.0;3996;94;3997.0;157.0;0.0;0.0;3995.5;0.0
0;20471.0;3995;200;0.0;0.0;0.0;0.0;3996;200;0.0;0.0;0.0;0.0;3995.5;0.0
0;20472.0;3995;261;0.0;0.0;0.0;0.0;3997;261;0.0;0.0;0.0;0.0;3996.0;0.0
0;20473.0;3994;222;0.0;0.0;0.0;0.0;3995;222;0.0;0.0;0.0;0.0;3994.5;0.0
0;20474.0;3994;224;0.0;0.0;0.0;0.0;3995;224;0.0;0.0;0.0;0.0;3994.5;0.0
0;20475.0;3994;63;3993.0;161.0;0.0;0.0;3995;224;0.0;0.0;0.0;0.0;3994.5;0.0
0;20476.0;3994;252;0.0;0.0;0.0;0.0;3995;252;0.0;0.0;0.0;0.0;3994.5;0.0
0;20477.0;3994;210;0.0;0.0;0.0;0.0;3996;210;0.0;0.0;0.0;0.0;3995.0;0.0
0;20478.0;3995;69;3994.0;176.0;0.0;0.0;3996;245;0.0;0.0;0.0;0.0;3995.5;0.0
0;20479.0;3994;231;0.0;0.0;0.0;0.0;3996;231;0.0;0.0;0.0;0.0;3995.0;0.0
0;20480.0;3994;223;0.0;0.0;0.0;0.0;3996;223;0.0;0.0;0.0;0.0;3995.0;0.0
0;20481.0;3995;78;3994.0;111.0;0.0;0.0;3996;189;0.0;0.0;0.0;0.0;3995.5;0.0
0;20482.0;3994;207;0.0;0.0;0.0;0.0;3995;58;3996.0;149.0;0.0;0.0;3994.5;0.0
0;20483.0;3994;253;0.0;0.0;0.0;0.0;3995;69;3996.0;184.0;0.0;0.0;3994.5;0.0
0;20484.0;3994;284;0.0;0.0;0.0;0.0;3995;97;3996.0;187.0;0.0;0.0;3994.5;0.0
0;20485.0;3994;213;0.0;0.0;0.0;0.0;3996;213;0.0;0.0;0.0;0.0;3995.0;0.0
0;20486.0;3994;198;0.0;0.0;0.0;0.0;3995;198;0.0;0.0;0.0;0.0;3994.5;0.0
0;20487.0;3994;287;0.0;0.0;0.0;0.0;3995;87;3996.0;200.0;0.0;0.0;3994.5;0.0
0;20488.0;3994;253;0.0;0.0;0.0;0.0;3995;247;0.0;0.0;0.0;0.0;3994.5;0.0
0;20489.0;3994;88;3993.0;102.0;0.0;0.0;3995;190;0.0;0.0;0.0;0.0;3994.5;0.0
0;20490.0;3993;220;0.0;0.0;0.0;0.0;3995;220;0.0;0.0;0.0;0.0;3994.0;0.0
0;20491.0;3992;279;0.0;0.0;0.0;0.0;3994;279;0.0;0.0;0.0;0.0;3993.0;0.0
0;20492.0;3992;271;0.0;0.0;0.0;0.0;3994;271;0.0;0.0;0.0;0.0;3993.0;0.0
0;20493.0;3992;205;0.0;0.0;0.0;0.0;3994;205;0.0;0.0;0.0;0.0;3993.0;0.0
0;20494.0;3992;227;0.0;0.0;0.0;0.0;3993;57;3994.0;170.0;0.0;0.0;3992.5;0.0
0;20495.0;3991;186;0.0;0.0;0.0;0.0;3993;186;0.0;0.0;0.0;0.0;3992.0;0.0
0;20496.0;3992;230;0.0;0.0;0.0;0.0;3993;230;0.0;0.0;0.0;0.0;3992.5;0.0
0;20497.0;3992;207;0.0;0.0;0.0;0.0;3993;93;3994.0;114.0;0.0;0.0;3992.5;0.0
0;20498.0;3992;223;0.0;0.0;0.0;0.0;3993;223;0.0;0.0;0.0;0.0;3992.5;0.0
0;20499.0;3992;262;0.0;0.0;0.0;0.0;3994;262;0.0;0.0;0.0;0.0;3993.0;0.0
0;20500.0;3991;232;0.0;0.0;0.0;0.0;3993;232;0.0;0.0;0.0;0.0;3992.0;0.0
0;20501.0;3992;259;0.0;0.0;0.0;0.0;3994;259;0.0;0.0;0.0;0.0;3993.0;0.0
0;20502.0;3992;238;0.0;0.0;0.0;0.0;3993;68;3994.0;170.0;0.0;0.0;3992.5;0.0
0;20503.0;3992;206;0.0;0.0;0.0;0.0;3993;71;3994.0;145.0;0.0;0.0;3992.5;0.0
0;20504.0;3992;88;3991.0;199.0;0.0;0.0;3993;287;0.0;0.0;0.0;0.0;3992.5;0.0
0;20505.0;3992;56;3991.0;192.0;0.0;0.0;3993;248;0.0;0.0;0.0;0.0;3992.5;0.0
0;20506.0;3991;212;0.0;0.0;0.0;0.0;3993;212;0.0;0.0;0.0;0.0;3992.0;0.0
0;20507.0;3991;252;0.0;0.0;0.0;0.0;3992;96;3993.0;156.0;0.0;0.0;3991.5;0.0
0;20508.0;3991;251;0.0;0.0;0.0;0.0;3992;251;0.0;0.0;0.0;0.0;3991.5;0.0
0;20509.0;3990;169;0.0;0.0;0.0;0.0;3992;169;0.0;0.0;0.0;0.0;3991.0;0.0
0;20510.0;3990;228;0.0;0.0;0.0;0.0;3991;58;3992.0;158.0;0.0;0.0;3990.5;0.0
0;20511.0;3990;229;0.0;0.0;0.0;0.0;3992;229;0.0;0.0;0.0;0.0;3991.0;0.0
0;20512.0;3990;244;0.0;0.0;0.0;0.0;3991;80;3992.0;164.0;0.0;0.0;3990.5;0.0
0;20513.0;3990;187;0.0;0.0;0.0;0.0;3991;187;0.0;0.0;0.0;0.0;3990.5;0.0
0;20514.0;3990;243;0.0;0.0;0.0;0.0;3991;243;0.0;0.0;0.0;0.0;3990.5;0.0
0;20515.0;3990;205;0.0;0.0;0.0;0.0;3991;205;0.0;0.0;0.0;0.0;3990.5;0.0
0;20516.0;3990;173;0.0;0.0;0.0;0.0;3991;173;0.0;0.0;0.0;0.0;3990.5;0.0
0;20517.0;3989;251;0.0;0.0;0.0;0.0;3991;251;0.0;0.0;0.0;0.0;3990.0;0.0
0;20518.0;3990;100;3989.0;199.0;0.0;0.0;3991;299;0.0;0.0;0.0;0.0;3990.5;0.0
0;20519.0;3990;78;3989.0;148.0;0.0;0.0;3991;226;0.0;0.0;0.0;0.0;3990.5;0.0
0;20520.0;3990;240;0.0;0.0;0.0;0.0;3991;65;3992.0;175.0;0.0;0.0;3990.5;0.0
0;20521.0;3990;213;0.0;0.0;0.0;0.0;3991;213;0.0;0.0;0.0;0.0;3990.5;0.0
0;20522.0;3990;283;0.0;0.0;0.0;0.0;3991;96;3992.0;187.0;0.0;0.0;3990.5;0.0
0;20523.0;3990;218;0.0;0.0;0.0;0.0;3992;218;0.0;0.0;0.0;0.0;3991.0;0.0
0;20524.0;3990;254;0.0;0.0;0.0;0.0;3992;254;0.0;0.0;0.0;0.0;3991.0;0.0
0;20525.0;3990;91;3989.0;170.0;0.0;0.0;3991;261;0.0;0.0;0.0;0.0;3990.5;0.0
0;20526.0;3990;239;0.0;0.0;0.0;0.0;3991;88;3992.0;151.0;0.0;0.0;3990.5;0.0
0;20527.0;3990;213;0.0;0.0;0.0;0.0;3991;54;3992.0;159.0;0.0;0.0;3990.5;0.0
0;20528.0;3991;104;3990.0;125.0;0.0;0.0;3992;220;0.0;0.0;0.0;0.0;3991.5;0.0
0;20529.0;3991;83;3990.0;200.0;0.0;0.0;3992;283;0.0;0.0;0.0;0.0;3991.5;0.0
0;20530.0;3990;198;0.0;0.0;0.0;0.0;3991;53;3992.0;145.0;0.0;0.0;3990.5;0.0
0;20531.0;3990;86;3989.0;158.0;0.0;0.0;3991;244;0.0;0.0;0.0;0.0;3990.5;0.0
0;20532.0;3989;181;0.0;0.0;0.0;0.0;3991;181;0.0;0.0;0.0;0.0;3990.0;0.0
0;20533.0;3989;263;0.0;0.0;0.0;0.0;3991;263;0.0;0.0;0.0;0.0;3990.0;0.0
0;20534.0;3989;250;0.0;0.0;0.0;0.0;3991;250;0.0;0.0;0.0;0.0;3990.0;0.0
0;20535.0;3989;230;0.0;0.0;0.0;0.0;3990;64;3991.0;177.0;0.0;0.0;3989.5;0.0
0;20536.0;3989;206;0.0;0.0;0.0;0.0;3990;206;0.0;0.0;0.0;0.0;3989.5;0.0
0;20537.0;3989;95;3988.0;150.0;0.0;0.0;3990;245;0.0;0.0;0.0;0.0;3989.5;0.0
0;20538.0;3988;254;0.0;0.0;0.0;0.0;3990;254;0.0;0.0;0.0;0.0;3989.0;0.0
0;20539.0;3989;89;3988.0;114.0;0.0;0.0;3990;195;0.0;0.0;0.0;0.0;3989.5;0.0
0;20540.0;3988;216;0.0;0.0;0.0;0.0;3990;216;0.0;0.0;0.0;0.0;3989.0;0.0
0;20541.0;3989;262;0.0;0.0;0.0;0.0;3990;77;3991.0;185.0;0.0;0.0;3989.5;0.0
0;20542.0;3989;213;0.0;0.0;0.0;0.0;3991;213;0.0;0.0;0.0;0.0;3990.0;0.0
0;20543.0;3990;97;3989.0;114.0;0.0;0.0;3991;211;0.0;0.0;0.0;0.0;3990.5;0.0
0;20544.0;3989;242;0.0;0.0;0.0;0.0;3991;242;0.0;0.0;0.0;0.0;3990.0;0.0
0;20545.0;3989;255;0.0;0.0;0.0;0.0;3991;255;0.0;0.0;0.0;0.0;3990.0;0.0
0;20546.0;3989;251;0.0;0.0;0.0;0.0;3991;251;0.0;0.0;0.0;0.0;3990.0;0.0
0;20547.0;3989;259;0.0;0.0;0.0;0.0;3990;259;0.0;0.0;0.0;0.0;3989.5;0.0
0;20548.0;3989;171;0.0;0.0;0.0;0.0;3990;55;3991.0;116.0;0.0;0.0;3989.5;0.0
0;20549.0;3989;252;0.0;0.0;0.0;0.0;3990;252;0.0;0.0;0.0;0.0;3989.5;0.0
0;20550.0;3988;278;0.0;0.0;0.0;0.0;3990;278;0.0;0.0;0.0;0.0;3989.0;0.0
0;20551.0;3988;264;0.0;0.0;0.0;0.0;3989;78;3990.0;186.0;0.0;0.0;3988.5;0.0
0;20552.0;3988;168;0.0;0.0;0.0;0.0;3989;168;0.0;0.0;0.0;0.0;3988.5;0.0
0;20553.0;3988;261;0.0;0.0;0.0;0.0;3990;261;0.0;0.0;0.0;0.0;3989.0;0.0
0;20554.0;3988;247;0.0;0.0;0.0;0.0;3990;247;0.0;0.0;0.0;0.0;3989.0;0.0
0;20555.0;3988;238;0.0;0.0;0.0;0.0;3990;238;0.0;0.0;0.0;0.0;3989.0;0.0
0;20556.0;3989;163;0.0;0.0;0.0;0.0;3990;163;0.0;0.0;0.0;0.0;3989.5;0.0
0;20557.0;3989;83;3988.0;198.0;0.0;0.0;3990;281;0.0;0.0;0.0;0.0;3989.5;0.0
0;20558.0;3989;189;0.0;0.0;0.0;0.0;3990;189;0.0;0.0;0.0;0.0;3989.5;0.0
0;20559.0;3989;180;0.0;0.0;0.0;0.0;3990;75;3991.0;105.0;0.0;0.0;3989.5;0.0
0;20560.0;3989;215;0.0;0.0;0.0;0.0;3990;215;0.0;0.0;0.0;0.0;3989.5;0.0
0;20561.0;3989;195;0.0;0.0;0.0;0.0;3991;195;0.0;0.0;0.0;0.0;3990.0;0.0
0;20562.0;3989;231;0.0;0.0;0.0;0.0;3990;65;3991.0;159.0;0.0;0.0;3989.5;0.0
0;20563.0;3989;80;3988.0;168.0;0.0;0.0;3990;248;0.0;0.0;0.0;0.0;3989.5;0.0
0;20564.0;3988;199;0.0;0.0;0.0;0.0;3989;55;3990.0;144.0;0.0;0.0;3988.5;0.0
0;20565.0;3988;224;0.0;0.0;0.0;0.0;3989;224;0.0;0.0;0.0;0.0;3988.5;0.0
0;20566.0;3988;267;0.0;0.0;0.0;0.0;3989;267;0.0;0.0;0.0;0.0;3988.5;0.0
0;20567.0;3988;211;0.0;0.0;0.0;0.0;3989;211;0.0;0.0;0.0;0.0;3988.5;0.0
0;20568.0;3988;254;0.0;0.0;0.0;0.0;3990;254;0.0;0.0;0.0;0.0;3989.0;0.0
0;20569.0;3987;245;0.0;0.0;0.0;0.0;3989;245;0.0;0.0;0.0;0.0;3988.0;0.0
0;20570.0;3987;194;0.0;0.0;0.0;0.0;3989;194;0.0;0.0;0.0;0.0;3988.0;0.0
0;20571.0;3987;203;0.0;0.0;0.0;0.0;3989;203;0.0;0.0;0.0;0.0;3988.0;0.0
0;20572.0;3986;210;0.0;0.0;0.0;0.0;3988;210;0.0;0.0;0.0;0.0;3987.0;0.0
0;20573.0;3987;194;0.0;0.0;0.0;0.0;3988;68;3989.0;126.0;0.0;0.0;3987.5;0.0
0;20574.0;3987;63;3986.0;179.0;0.0;0.0;3988;242;0.0;0.0;0.0;0.0;3987.5;0.0
0;20575.0;3987;212;0.0;0.0;0.0;0.0;3988;220;0.0;0.0;0.0;0.0;3987.5;0.0
0;20576.0;3987;85;3986.0;108.0;0.0;0.0;3988;193;0.0;0.0;0.0;0.0;3987.5;0.0
0;20577.0;3987;251;0.0;0.0;0.0;0.0;3988;251;0.0;0.0;0.0;0.0;3987.5;0.0
0;20578.0;3987;88;3986.0;132.0;0.0;0.0;3988;220;0.0;0.0;0.0;0.0;3987.5;0.0
0;20579.0;3987;197;0.0;0.0;0.0;0.0;3989;186;0.0;0.0;0.0;0.0;3988.0;0.0
0;20580.0;3987;255;0.0;0.0;0.0;0.0;3988;255;0.0;0.0;0.0;0.0;3987.5;0.0
0;20581.0;3987;80;3986.0;133.0;0.0;0.0;3988;213;0.0;0.0;0.0;0.0;3987.5;0.0
0;20582.0;3987;87;3986.0;142.0;0.0;0.0;3988;229;0.0;0.0;0.0;0.0;3987.5;0.0
0;20583.0;3987;175;0.0;0.0;0.0;0.0;3989;175;0.0;0.0;0.0;0.0;3988.0;0.0
0;20584.0;3987;230;0.0;0.0;0.0;0.0;3988;77;3989.0;153.0;0.0;0.0;3987.5;0.0
0;20585.0;3987;235;0.0;0.0;0.0;0.0;3989;235;0.0;0.0;0.0;0.0;3988.0;0.0
0;20586.0;3987;255;0.0;0.0;0.0;0.0;3988;255;0.0;0.0;0.0;0.0;3987.5;0.0
0;20587.0;3987;208;0.0;0.0;0.0;0.0;3989;208;0.0;0.0;0.0;0.0;3988.0;0.0
0;20588.0;3988;99;3987.0;126.0;0.0;0.0;3989;225;0.0;0.0;0.0;0.0;3988.5;0.0
0;20589.0;3988;226;0.0;0.0;0.0;0.0;3990;226;0.0;0.0;0.0;0.0;3989.0;0.0
0;20590.0;3989;201;0.0;0.0;0.0;0.0;3990;98;3991.0;112.0;0.0;0.0;3989.5;0.0
0;20591.0;3989;228;0.0;0.0;0.0;0.0;3991;228;0.0;0.0;0.0;0.0;3990.0;0.0
0;20592.0;3989;232;0.0;0.0;0.0;0.0;3991;232;0.0;0.0;0.0;0.0;3990.0;0.0
0;20593.0;3990;273;0.0;0.0;0.0;0.0;3991;273;0.0;0.0;0.0;0.0;3990.5;0.0
0;20594.0;3990;241;0.0;0.0;0.0;0.0;3992;241;0.0;0.0;0.0;0.0;3991.0;0.0
0;20595.0;3990;224;0.0;0.0;0.0;0.0;3991;85;3992.0;139.0;0.0;0.0;3990.5;0.0
0;20596.0;3990;265;0.0;0.0;0.0;0.0;3992;265;0.0;0.0;0.0;0.0;3991.0;0.0
0;20597.0;3990;255;0.0;0.0;0.0;0.0;3991;87;3992.0;168.0;0.0;0.0;3990.5;0.0
0;20598.0;3990;265;0.0;0.0;0.0;0.0;3992;265;0.0;0.0;0.0;0.0;3991.0;0.0
0;20599.0;3990;219;0.0;0.0;0.0;0.0;3991;91;3992.0;128.0;0.0;0.0;3990.5;0.0
0;20600.0;3990;90;3989.0;102.0;0.0;0.0;3991;192;0.0;0.0;0.0;0.0;3990.5;0.0
0;20601.0;3989;234;0.0;0.0;0.0;0.0;3991;234;0.0;0.0;0.0;0.0;3990.0;0.0
0;20602.0;3988;218;0.0;0.0;0.0;0.0;3990;218;0.0;0.0;0.0;0.0;3989.0;0.0
0;20603.0;3989;61;3988.0;171.0;0.0;0.0;3990;232;0.0;0.0;0.0;0.0;3989.5;0.0
0;20604.0;3989;248;0.0;0.0;0.0;0.0;3991;248;0.0;0.0;0.0;0.0;3990.0;0.0
0;20605.0;3990;176;0.0;0.0;0.0;0.0;3991;176;0.0;0.0;0.0;0.0;3990.5;0.0
0;20606.0;3991;99;3990.0;194.0;0.0;0.0;3992;293;0.0;0.0;0.0;0.0;3991.5;0.0
0;20607.0;3991;239;0.0;0.0;0.0;0.0;3992;239;0.0;0.0;0.0;0.0;3991.5;0.0
0;20608.0;3991;277;0.0;0.0;0.0;0.0;3992;83;3993.0;194.0;0.0;0.0;3991.5;0.0
0;20609.0;3991;98;3990.0;104.0;0.0;0.0;3992;202;0.0;0.0;0.0;0.0;3991.5;0.0
0;20610.0;3991;268;0.0;0.0;0.0;0.0;3992;95;3993.0;173.0;0.0;0.0;3991.5;0.0
0;20611.0;3991;228;0.0;0.0;0.0;0.0;3992;57;3993.0;171.0;0.0;0.0;3991.5;0.0
0;20612.0;3991;221;0.0;0.0;0.0;0.0;3992;221;0.0;0.0;0.0;0.0;3991.5;0.0
0;20613.0;3990;219;0.0;0.0;0.0;0.0;3992;219;0.0;0.0;0.0;0.0;3991.0;0.0
0;20614.0;3990;204;0.0;0.0;0.0;0.0;3991;80;3992.0;124.0;0.0;0.0;3990.5;0.0
0;20615.0;3990;231;0.0;0.0;0.0;0.0;3992;231;0.0;0.0;0.0;0.0;3991.0;0.0
0;20616.0;3990;197;0.0;0.0;0.0;0.0;3991;88;3992.0;109.0;0.0;0.0;3990.5;0.0
0;20617.0;3990;225;0.0;0.0;0.0;0.0;3991;225;0.0;0.0;0.0;0.0;3990.5;0.0
0;20618.0;3990;247;0.0;0.0;0.0;0.0;3991;56;3992.0;191.0;0.0;0.0;3990.5;0.0
0;20619.0;3990;197;0.0;0.0;0.0;0.0;3992;197;0.0;0.0;0.0;0.0;3991.0;0.0
0;20620.0;3991;272;0.0;0.0;0.0;0.0;3992;272;0.0;0.0;0.0;0.0;3991.5;0.0
0;20621.0;3990;254;0.0;0.0;0.0;0.0;3992;254;0.0;0.0;0.0;0.0;3991.0;0.0
0;20622.0;3991;266;0.0;0.0;0.0;0.0;3992;95;3993.0;181.0;0.0;0.0;3991.5;0.0
0;20623.0;3991;257;0.0;0.0;0.0;0.0;3992;88;3993.0;169.0;0.0;0.0;3991.5;0.0
0;20624.0;3992;92;3991.0;136.0;0.0;0.0;3993;228;0.0;0.0;0.0;0.0;3992.5;0.0
0;20625.0;3992;243;0.0;0.0;0.0;0.0;3993;243;0.0;0.0;0.0;0.0;3992.5;0.0
0;20626.0;3991;259;0.0;0.0;0.0;0.0;3993;259;0.0;0.0;0.0;0.0;3992.0;0.0
0;20627.0;3992;229;0.0;0.0;0.0;0.0;3993;229;0.0;0.0;0.0;0.0;3992.5;0.0
0;20628.0;3991;262;0.0;0.0;0.0;0.0;3992;262;0.0;0.0;0.0;0.0;3991.5;0.0
0;20629.0;3991;49;3990.0;116.0;0.0;0.0;3992;169;0.0;0.0;0.0;0.0;3991.5;0.0
0;20630.0;3991;232;0.0;0.0;0.0;0.0;3992;232;0.0;0.0;0.0;0.0;3991.5;0.0
0;20631.0;3990;275;0.0;0.0;0.0;0.0;3992;275;0.0;0.0;0.0;0.0;3991.0;0.0
0;20632.0;3991;194;0.0;0.0;0.0;0.0;3992;194;0.0;0.0;0.0;0.0;3991.5;0.0
0;20633.0;3990;262;0.0;0.0;0.0;0.0;3992;262;0.0;0.0;0.0;0.0;3991.0;0.0
0;20634.0;3990;97;3989.0;179.0;0.0;0.0;3991;276;0.0;0.0;0.0;0.0;3990.5;0.0
0;20635.0;3989;52;3988.0;200.0;0.0;0.0;3990;252;0.0;0.0;0.0;0.0;3989.5;0.0
0;20636.0;3989;74;3988.0;169.0;0.0;0.0;3990;243;0.0;0.0;0.0;0.0;3989.5;0.0
0;20637.0;3988;200;0.0;0.0;0.0;0.0;3989;80;3990.0;120.0;0.0;0.0;3988.5;0.0
0;20638.0;3988;203;0.0;0.0;0.0;0.0;3989;71;3990.0;132.0;0.0;0.0;3988.5;0.0
0;20639.0;3987;171;0.0;0.0;0.0;0.0;3988;55;3989.0;116.0;0.0;0.0;3987.5;0.0
0;20640.0;3987;72;3986.0;178.0;0.0;0.0;3988;250;0.0;0.0;0.0;0.0;3987.5;0.0
0;20641.0;3987;69;3986.0;132.0;0.0;0.0;3988;201;0.0;0.0;0.0;0.0;3987.5;0.0
0;20642.0;3987;192;0.0;0.0;0.0;0.0;3988;62;3989.0;130.0;0.0;0.0;3987.5;0.0
0;20643.0;3987;273;0.0;0.0;0.0;0.0;3989;273;0.0;0.0;0.0;0.0;3988.0;0.0
0;20644.0;3987;163;0.0;0.0;0.0;0.0;3989;163;0.0;0.0;0.0;0.0;3988.0;0.0
0;20645.0;3987;252;0.0;0.0;0.0;0.0;3989;252;0.0;0.0;0.0;0.0;3988.0;0.0
0;20646.0;3987;279;0.0;0.0;0.0;0.0;3989;279;0.0;0.0;0.0;0.0;3988.0;0.0
0;20647.0;3987;174;0.0;0.0;0.0;0.0;3989;174;0.0;0.0;0.0;0.0;3988.0;0.0
0;20648.0;3987;244;0.0;0.0;0.0;0.0;3989;244;0.0;0.0;0.0;0.0;3988.0;0.0
0;20649.0;3987;236;0.0;0.0;0.0;0.0;3988;236;0.0;0.0;0.0;0.0;3987.5;0.0
0;20650.0;3987;260;0.0;0.0;0.0;0.0;3988;260;0.0;0.0;0.0;0.0;3987.5;0.0
0;20651.0;3987;63;3986.0;131.0;0.0;0.0;3988;194;0.0;0.0;0.0;0.0;3987.5;0.0
0;20652.0;3986;166;0.0;0.0;0.0;0.0;3987;62;3988.0;104.0;0.0;0.0;3986.5;0.0
0;20653.0;3986;189;0.0;0.0;0.0;0.0;3987;67;3988.0;117.0;0.0;0.0;3986.5;0.0
0;20654.0;3986;240;0.0;0.0;0.0;0.0;3988;240;0.0;0.0;0.0;0.0;3987.0;0.0
0;20655.0;3986;261;0.0;0.0;0.0;0.0;3988;261;0.0;0.0;0.0;0.0;3987.0;0.0
0;20656.0;3986;64;3985.0;144.0;0.0;0.0;3987;208;0.0;0.0;0.0;0.0;3986.5;0.0
0;20657.0;3986;76;3985.0;168.0;0.0;0.0;3987;244;0.0;0.0;0.0;0.0;3986.5;0.0
0;20658.0;3986;210;0.0;0.0;0.0;0.0;3987;56;3988.0;154.0;0.0;0.0;3986.5;0.0
0;20659.0;3986;267;0.0;0.0;0.0;0.0;3988;267;0.0;0.0;0.0;0.0;3987.0;0.0
0;20660.0;3986;157;0.0;0.0;0.0;0.0;3988;157;0.0;0.0;0.0;0.0;3987.0;0.0
0;20661.0;3986;213;0.0;0.0;0.0;0.0;3988;213;0.0;0.0;0.0;0.0;3987.0;0.0
0;20662.0;3986;181;0.0;0.0;0.0;0.0;3988;181;0.0;0.0;0.0;0.0;3987.0;0.0
0;20663.0;3987;60;3986.0;116.0;0.0;0.0;3988;176;0.0;0.0;0.0;0.0;3987.5;0.0
0;20664.0;3987;209;0.0;0.0;0.0;0.0;3988;209;0.0;0.0;0.0;0.0;3987.5;0.0
0;20665.0;3987;233;0.0;0.0;0.0;0.0;3989;233;0.0;0.0;0.0;0.0;3988.0;0.0
0;20666.0;3987;273;0.0;0.0;0.0;0.0;3989;273;0.0;0.0;0.0;0.0;3988.0;0.0
0;20667.0;3987;216;0.0;0.0;0.0;0.0;3989;225;0.0;0.0;0.0;0.0;3988.0;0.0
0;20668.0;3987;201;0.0;0.0;0.0;0.0;3988;83;3989.0;118.0;0.0;0.0;3987.5;0.0
0;20669.0;3987;283;0.0;0.0;0.0;0.0;3989;283;0.0;0.0;0.0;0.0;3988.0;0.0
0;20670.0;3986;219;0.0;0.0;0.0;0.0;3988;219;0.0;0.0;0.0;0.0;3987.0;0.0
0;20671.0;3987;11;3986.0;274.0;0.0;0.0;3988;274;0.0;0.0;0.0;0.0;3987.5;0.0
0;20672.0;3987;87;3986.0;177.0;0.0;0.0;3988;255;0.0;0.0;0.0;0.0;3987.5;0.0
0;20673.0;3987;59;3986.0;185.0;0.0;0.0;3988;244;0.0;0.0;0.0;0.0;3987.5;0.0
0;20674.0;3986;289;0.0;0.0;0.0;0.0;3988;289;0.0;0.0;0.0;0.0;3987.0;0.0
0;20675.0;3986;220;0.0;0.0;0.0;0.0;3988;211;0.0;0.0;0.0;0.0;3987.0;0.0
0;20676.0;3987;53;3986.0;103.0;0.0;0.0;3988;156;0.0;0.0;0.0;0.0;3987.5;0.0
0;20677.0;3987;228;0.0;0.0;0.0;0.0;3988;228;0.0;0.0;0.0;0.0;3987.5;0.0
0;20678.0;3987;241;0.0;0.0;0.0;0.0;3989;241;0.0;0.0;0.0;0.0;3988.0;0.0
0;20679.0;3988;72;3987.0;105.0;0.0;0.0;3989;177;0.0;0.0;0.0;0.0;3988.5;0.0
0;20680.0;3988;241;0.0;0.0;0.0;0.0;3989;241;0.0;0.0;0.0;0.0;3988.5;0.0
0;20681.0;3988;95;3987.0;116.0;0.0;0.0;3989;211;0.0;0.0;0.0;0.0;3988.5;0.0
0;20682.0;3987;254;0.0;0.0;0.0;0.0;3989;254;0.0;0.0;0.0;0.0;3988.0;0.0
0;20683.0;3987;181;0.0;0.0;0.0;0.0;3988;66;3989.0;115.0;0.0;0.0;3987.5;0.0
0;20684.0;3987;282;0.0;0.0;0.0;0.0;3988;86;3989.0;196.0;0.0;0.0;3987.5;0.0
0;20685.0;3988;62;3987.0;124.0;0.0;0.0;3989;186;0.0;0.0;0.0;0.0;3988.5;0.0
0;20686.0;3987;249;0.0;0.0;0.0;0.0;3988;57;3989.0;198.0;0.0;0.0;3987.5;0.0
0;20687.0;3987;223;0.0;0.0;0.0;0.0;3988;72;3989.0;151.0;0.0;0.0;3987.5;0.0
0;20688.0;3986;257;0.0;0.0;0.0;0.0;3988;257;0.0;0.0;0.0;0.0;3987.0;0.0
0;20689.0;3986;277;0.0;0.0;0.0;0.0;3987;82;3988.0;195.0;0.0;0.0;3986.5;0.0
0;20690.0;3986;206;0.0;0.0;0.0;0.0;3988;206;0.0;0.0;0.0;0.0;3987.0;0.0
0;20691.0;3986;196;0.0;0.0;0.0;0.0;3988;196;0.0;0.0;0.0;0.0;3987.0;0.0
0;20692.0;3987;256;0.0;0.0;0.0;0.0;3988;57;3989.0;199.0;0.0;0.0;3987.5;0.0
0;20693.0;3986;239;0.0;0.0;0.0;0.0;3987;82;3988.0;157.0;0.0;0.0;3986.5;0.0
0;20694.0;3986;267;0.0;0.0;0.0;0.0;3988;267;0.0;0.0;0.0;0.0;3987.0;0.0
0;20695.0;3987;275;0.0;0.0;0.0;0.0;3988;96;3989.0;179.0;0.0;0.0;3987.5;0.0
0;20696.0;3988;77;3987.0;163.0;0.0;0.0;3989;240;0.0;0.0;0.0;0.0;3988.5;0.0
0;20697.0;3987;187;0.0;0.0;0.0;0.0;3989;187;0.0;0.0;0.0;0.0;3988.0;0.0
0;20698.0;3987;195;0.0;0.0;0.0;0.0;3988;56;3989.0;150.0;0.0;0.0;3987.5;0.0
0;20699.0;3987;205;0.0;0.0;0.0;0.0;3989;205;0.0;0.0;0.0;0.0;3988.0;0.0
0;20700.0;3987;265;0.0;0.0;0.0;0.0;3988;5;3989.0;265.0;0.0;0.0;3987.5;0.0
0;20701.0;3987;240;0.0;0.0;0.0;0.0;3989;240;0.0;0.0;0.0;0.0;3988.0;0.0
0;20702.0;3987;210;0.0;0.0;0.0;0.0;3989;210;0.0;0.0;0.0;0.0;3988.0;0.0
0;20703.0;3988;225;0.0;0.0;0.0;0.0;3989;99;3990.0;126.0;0.0;0.0;3988.5;0.0
0;20704.0;3988;206;0.0;0.0;0.0;0.0;3990;206;0.0;0.0;0.0;0.0;3989.0;0.0
0;20705.0;3988;231;0.0;0.0;0.0;0.0;3990;231;0.0;0.0;0.0;0.0;3989.0;0.0
0;20706.0;3989;98;3988.0;119.0;0.0;0.0;3990;217;0.0;0.0;0.0;0.0;3989.5;0.0
0;20707.0;3989;255;0.0;0.0;0.0;0.0;3990;255;0.0;0.0;0.0;0.0;3989.5;0.0
0;20708.0;3989;164;0.0;0.0;0.0;0.0;3991;164;0.0;0.0;0.0;0.0;3990.0;0.0
0;20709.0;3989;204;0.0;0.0;0.0;0.0;3990;204;0.0;0.0;0.0;0.0;3989.5;0.0
0;20710.0;3988;205;0.0;0.0;0.0;0.0;3990;205;0.0;0.0;0.0;0.0;3989.0;0.0
0;20711.0;3988;235;0.0;0.0;0.0;0.0;3990;243;0.0;0.0;0.0;0.0;3989.0;0.0
0;20712.0;3988;211;0.0;0.0;0.0;0.0;3989;211;0.0;0.0;0.0;0.0;3988.5;0.0
0;20713.0;3987;239;0.0;0.0;0.0;0.0;3989;239;0.0;0.0;0.0;0.0;3988.0;0.0
0;20714.0;3988;187;0.0;0.0;0.0;0.0;3989;187;0.0;0.0;0.0;0.0;3988.5;0.0
0;20715.0;3988;257;0.0;0.0;0.0;0.0;3989;58;3990.0;199.0;0.0;0.0;3988.5;0.0
0;20716.0;3989;51;3988.0;190.0;0.0;0.0;3990;241;0.0;0.0;0.0;0.0;3989.5;0.0
0;20717.0;3988;229;0.0;0.0;0.0;0.0;3990;229;0.0;0.0;0.0;0.0;3989.0;0.0
0;20718.0;3989;172;0.0;0.0;0.0;0.0;3990;168;0.0;0.0;0.0;0.0;3989.5;0.0
0;20719.0;3989;70;3988.0;145.0;0.0;0.0;3990;215;0.0;0.0;0.0;0.0;3989.5;0.0
0;20720.0;3989;70;3988.0;193.0;0.0;0.0;3990;263;0.0;0.0;0.0;0.0;3989.5;0.0
0;20721.0;3988;171;0.0;0.0;0.0;0.0;3990;171;0.0;0.0;0.0;0.0;3989.0;0.0
0;20722.0;3988;192;0.0;0.0;0.0;0.0;3989;55;3990.0;137.0;0.0;0.0;3988.5;0.0
0;20723.0;3988;176;0.0;0.0;0.0;0.0;3990;176;0.0;0.0;0.0;0.0;3989.0;0.0
0;20724.0;3988;178;0.0;0.0;0.0;0.0;3989;178;0.0;0.0;0.0;0.0;3988.5;0.0
0;20725.0;3988;193;0.0;0.0;0.0;0.0;3989;193;0.0;0.0;0.0;0.0;3988.5;0.0
0;20726.0;3988;96;3987.0;128.0;0.0;0.0;3989;224;0.0;0.0;0.0;0.0;3988.5;0.0
0;20727.0;3987;232;0.0;0.0;0.0;0.0;3989;232;0.0;0.0;0.0;0.0;3988.0;0.0
0;20728.0;3987;188;0.0;0.0;0.0;0.0;3988;188;0.0;0.0;0.0;0.0;3987.5;0.0
0;20729.0;3987;251;0.0;0.0;0.0;0.0;3988;251;0.0;0.0;0.0;0.0;3987.5;0.0
0;20730.0;3987;213;0.0;0.0;0.0;0.0;3988;213;0.0;0.0;0.0;0.0;3987.5;0.0
0;20731.0;3986;193;0.0;0.0;0.0;0.0;3987;189;0.0;0.0;0.0;0.0;3986.5;0.0
0;20732.0;3986;229;0.0;0.0;0.0;0.0;3987;50;3988.0;179.0;0.0;0.0;3986.5;0.0
0;20733.0;3985;249;0.0;0.0;0.0;0.0;3987;249;0.0;0.0;0.0;0.0;3986.0;0.0
0;20734.0;3985;253;0.0;0.0;0.0;0.0;3986;253;0.0;0.0;0.0;0.0;3985.5;0.0
0;20735.0;3985;272;0.0;0.0;0.0;0.0;3986;87;3987.0;185.0;0.0;0.0;3985.5;0.0
0;20736.0;3985;242;0.0;0.0;0.0;0.0;3986;242;0.0;0.0;0.0;0.0;3985.5;0.0
0;20737.0;3985;79;3984.0;180.0;0.0;0.0;3986;259;0.0;0.0;0.0;0.0;3985.5;0.0
0;20738.0;3985;242;0.0;0.0;0.0;0.0;3986;74;3987.0;168.0;0.0;0.0;3985.5;0.0
0;20739.0;3985;256;0.0;0.0;0.0;0.0;3986;256;0.0;0.0;0.0;0.0;3985.5;0.0
0;20740.0;3984;198;0.0;0.0;0.0;0.0;3985;78;3986.0;120.0;0.0;0.0;3984.5;0.0
0;20741.0;3984;210;0.0;0.0;0.0;0.0;3986;210;0.0;0.0;0.0;0.0;3985.0;0.0
0;20742.0;3984;214;0.0;0.0;0.0;0.0;3985;9;3986.0;214.0;0.0;0.0;3984.5;0.0
0;20743.0;3984;255;0.0;0.0;0.0;0.0;3986;255;0.0;0.0;0.0;0.0;3985.0;0.0
0;20744.0;3984;212;0.0;0.0;0.0;0.0;3986;212;0.0;0.0;0.0;0.0;3985.0;0.0
0;20745.0;3984;238;0.0;0.0;0.0;0.0;3986;238;0.0;0.0;0.0;0.0;3985.0;0.0
0;20746.0;3984;185;0.0;0.0;0.0;0.0;3985;56;3986.0;129.0;0.0;0.0;3984.5;0.0
0;20747.0;3984;228;0.0;0.0;0.0;0.0;3986;228;0.0;0.0;0.0;0.0;3985.0;0.0
0;20748.0;3985;212;0.0;0.0;0.0;0.0;3986;201;0.0;0.0;0.0;0.0;3985.5;0.0
0;20749.0;3985;247;0.0;0.0;0.0;0.0;3986;242;0.0;0.0;0.0;0.0;3985.5;0.0
0;20750.0;3984;229;0.0;0.0;0.0;0.0;3986;229;0.0;0.0;0.0;0.0;3985.0;0.0
0;20751.0;3985;184;0.0;0.0;0.0;0.0;3987;184;0.0;0.0;0.0;0.0;3986.0;0.0
0;20752.0;3985;54;3984.0;173.0;0.0;0.0;3986;227;0.0;0.0;0.0;0.0;3985.5;0.0
0;20753.0;3985;188;0.0;0.0;0.0;0.0;3986;81;3987.0;107.0;0.0;0.0;3985.5;0.0
0;20754.0;3985;230;0.0;0.0;0.0;0.0;3986;89;3987.0;141.0;0.0;0.0;3985.5;0.0
0;20755.0;3985;234;0.0;0.0;0.0;0.0;3987;234;0.0;0.0;0.0;0.0;3986.0;0.0
0;20756.0;3985;213;0.0;0.0;0.0;0.0;3987;213;0.0;0.0;0.0;0.0;3986.0;0.0
0;20757.0;3985;229;0.0;0.0;0.0;0.0;3987;229;0.0;0.0;0.0;0.0;3986.0;0.0
0;20758.0;3985;172;0.0;0.0;0.0;0.0;3987;172;0.0;0.0;0.0;0.0;3986.0;0.0
0;20759.0;3986;252;0.0;0.0;0.0;0.0;3987;63;3988.0;189.0;0.0;0.0;3986.5;0.0
0;20760.0;3986;254;0.0;0.0;0.0;0.0;3987;254;0.0;0.0;0.0;0.0;3986.5;0.0
0;20761.0;3986;218;0.0;0.0;0.0;0.0;3988;228;0.0;0.0;0.0;0.0;3987.0;0.0
0;20762.0;3986;246;0.0;0.0;0.0;0.0;3987;66;3988.0;180.0;0.0;0.0;3986.5;0.0
0;20763.0;3986;302;0.0;0.0;0.0;0.0;3987;291;0.0;0.0;0.0;0.0;3986.5;0.0
0;20764.0;3986;90;3985.0;168.0;0.0;0.0;3987;258;0.0;0.0;0.0;0.0;3986.5;0.0
0;20765.0;3985;218;0.0;0.0;0.0;0.0;3987;218;0.0;0.0;0.0;0.0;3986.0;0.0
0;20766.0;3985;232;0.0;0.0;0.0;0.0;3987;232;0.0;0.0;0.0;0.0;3986.0;0.0
0;20767.0;3986;96;3985.0;198.0;0.0;0.0;3987;294;0.0;0.0;0.0;0.0;3986.5;0.0
0;20768.0;3986;69;3985.0;109.0;0.0;0.0;3987;178;0.0;0.0;0.0;0.0;3986.5;0.0
0;20769.0;3986;222;0.0;0.0;0.0;0.0;3987;80;3988.0;142.0;0.0;0.0;3986.5;0.0
0;20770.0;3986;173;0.0;0.0;0.0;0.0;3988;173;0.0;0.0;0.0;0.0;3987.0;0.0
0;20771.0;3986;223;0.0;0.0;0.0;0.0;3987;62;3988.0;161.0;0.0;0.0;3986.5;0.0
0;20772.0;3985;260;0.0;0.0;0.0;0.0;3987;260;0.0;0.0;0.0;0.0;3986.0;0.0
0;20773.0;3986;176;0.0;0.0;0.0;0.0;3987;176;0.0;0.0;0.0;0.0;3986.5;0.0
0;20774.0;3986;244;0.0;0.0;0.0;0.0;3987;73;3988.0;171.0;0.0;0.0;3986.5;0.0
0;20775.0;3986;270;0.0;0.0;0.0;0.0;3987;94;3988.0;176.0;0.0;0.0;3986.5;0.0
0;20776.0;3985;209;0.0;0.0;0.0;0.0;3987;209;0.0;0.0;0.0;0.0;3986.0;0.0
0;20777.0;3985;241;0.0;0.0;0.0;0.0;3986;241;0.0;0.0;0.0;0.0;3985.5;0.0
0;20778.0;3985;226;0.0;0.0;0.0;0.0;3986;50;3987.0;176.0;0.0;0.0;3985.5;0.0
0;20779.0;3985;268;0.0;0.0;0.0;0.0;3986;85;3987.0;183.0;0.0;0.0;3985.5;0.0
0;20780.0;3985;264;0.0;0.0;0.0;0.0;3987;264;0.0;0.0;0.0;0.0;3986.0;0.0
0;20781.0;3985;242;0.0;0.0;0.0;0.0;3986;242;0.0;0.0;0.0;0.0;3985.5;0.0
0;20782.0;3985;260;0.0;0.0;0.0;0.0;3986;260;0.0;0.0;0.0;0.0;3985.5;0.0
0;20783.0;3984;264;0.0;0.0;0.0;0.0;3986;264;0.0;0.0;0.0;0.0;3985.0;0.0
0;20784.0;3985;180;0.0;0.0;0.0;0.0;3986;180;0.0;0.0;0.0;0.0;3985.5;0.0
0;20785.0;3985;185;0.0;0.0;0.0;0.0;3986;60;3987.0;125.0;0.0;0.0;3985.5;0.0
0;20786.0;3985;257;0.0;0.0;0.0;0.0;3987;257;0.0;0.0;0.0;0.0;3986.0;0.0
0;20787.0;3985;247;0.0;0.0;0.0;0.0;3987;247;0.0;0.0;0.0;0.0;3986.0;0.0
0;20788.0;3985;268;0.0;0.0;0.0;0.0;3987;259;0.0;0.0;0.0;0.0;3986.0;0.0
0;20789.0;3986;263;0.0;0.0;0.0;0.0;3987;263;0.0;0.0;0.0;0.0;3986.5;0.0
0;20790.0;3986;54;3985.0;155.0;0.0;0.0;3987;219;0.0;0.0;0.0;0.0;3986.5;0.0
0;20791.0;3985;214;0.0;0.0;0.0;0.0;3987;214;0.0;0.0;0.0;0.0;3986.0;0.0
0;20792.0;3985;288;0.0;0.0;0.0;0.0;3986;96;3987.0;192.0;0.0;0.0;3985.5;0.0
0;20793.0;3985;186;0.0;0.0;0.0;0.0;3986;186;0.0;0.0;0.0;0.0;3985.5;0.0
0;20794.0;3985;80;3984.0;104.0;0.0;0.0;3986;184;0.0;0.0;0.0;0.0;3985.5;0.0
0;20795.0;3985;97;3984.0;115.0;0.0;0.0;3986;212;0.0;0.0;0.0;0.0;3985.5;0.0
0;20796.0;3985;273;0.0;0.0;0.0;0.0;3986;273;0.0;0.0;0.0;0.0;3985.5;0.0
0;20797.0;3984;254;0.0;0.0;0.0;0.0;3986;254;0.0;0.0;0.0;0.0;3985.0;0.0
0;20798.0;3985;235;0.0;0.0;0.0;0.0;3986;235;0.0;0.0;0.0;0.0;3985.5;0.0
0;20799.0;3985;224;0.0;0.0;0.0;0.0;3987;224;0.0;0.0;0.0;0.0;3986.0;0.0
0;20800.0;3985;247;0.0;0.0;0.0;0.0;3986;6;3987.0;247.0;0.0;0.0;3985.5;0.0
0;20801.0;3985;237;0.0;0.0;0.0;0.0;3986;57;3987.0;180.0;0.0;0.0;3985.5;0.0
0;20802.0;3985;258;0.0;0.0;0.0;0.0;3987;258;0.0;0.0;0.0;0.0;3986.0;0.0
0;20803.0;3986;283;0.0;0.0;0.0;0.0;3987;283;0.0;0.0;0.0;0.0;3986.5;0.0
0;20804.0;3986;264;0.0;0.0;0.0;0.0;3987;68;3988.0;196.0;0.0;0.0;3986.5;0.0
0;20805.0;3986;170;0.0;0.0;0.0;0.0;3987;66;3988.0;104.0;0.0;0.0;3986.5;0.0
0;20806.0;3986;46;3985.0;129.0;0.0;0.0;3987;179;0.0;0.0;0.0;0.0;3986.5;0.0
0;20807.0;3985;242;0.0;0.0;0.0;0.0;3987;242;0.0;0.0;0.0;0.0;3986.0;0.0
0;20808.0;3985;261;0.0;0.0;0.0;0.0;3987;261;0.0;0.0;0.0;0.0;3986.0;0.0
0;20809.0;3985;259;0.0;0.0;0.0;0.0;3986;60;3987.0;199.0;0.0;0.0;3985.5;0.0
0;20810.0;3985;243;0.0;0.0;0.0;0.0;3986;77;3987.0;166.0;0.0;0.0;3985.5;0.0
0;20811.0;3985;100;3984.0;176.0;0.0;0.0;3986;276;0.0;0.0;0.0;0.0;3985.5;0.0
0;20812.0;3984;166;0.0;0.0;0.0;0.0;3986;166;0.0;0.0;0.0;0.0;3985.0;0.0
0;20813.0;3985;206;0.0;0.0;0.0;0.0;3986;206;0.0;0.0;0.0;0.0;3985.5;0.0
0;20814.0;3985;224;0.0;0.0;0.0;0.0;3986;82;3987.0;142.0;0.0;0.0;3985.5;0.0
0;20815.0;3985;182;0.0;0.0;0.0;0.0;3986;51;3987.0;131.0;0.0;0.0;3985.5;0.0
0;20816.0;3985;59;3984.0;100.0;0.0;0.0;3986;159;0.0;0.0;0.0;0.0;3985.5;0.0
0;20817.0;3984;202;0.0;0.0;0.0;0.0;3986;202;0.0;0.0;0.0;0.0;3985.0;0.0
0;20818.0;3984;222;0.0;0.0;0.0;0.0;3986;222;0.0;0.0;0.0;0.0;3985.0;0.0
0;20819.0;3985;87;3984.0;140.0;0.0;0.0;3986;227;0.0;0.0;0.0;0.0;3985.5;0.0
0;20820.0;3984;215;0.0;0.0;0.0;0.0;3985;11;3986.0;215.0;0.0;0.0;3984.5;0.0
0;20821.0;3984;205;0.0;0.0;0.0;0.0;3985;205;0.0;0.0;0.0;0.0;3984.5;0.0
0;20822.0;3984;213;0.0;0.0;0.0;0.0;3985;60;3986.0;153.0;0.0;0.0;3984.5;0.0
0;20823.0;3984;217;0.0;0.0;0.0;0.0;3985;99;3986.0;118.0;0.0;0.0;3984.5;0.0
0;20824.0;3984;72;3983.0;182.0;0.0;0.0;3985;254;0.0;0.0;0.0;0.0;3984.5;0.0
0;20825.0;3984;77;3983.0;193.0;0.0;0.0;3985;281;0.0;0.0;0.0;0.0;3984.5;0.0
0;20826.0;3983;191;0.0;0.0;0.0;0.0;3985;191;0.0;0.0;0.0;0.0;3984.0;0.0
0;20827.0;3983;249;0.0;0.0;0.0;0.0;3985;249;0.0;0.0;0.0;0.0;3984.0;0.0
0;20828.0;3983;252;0.0;0.0;0.0;0.0;3985;252;0.0;0.0;0.0;0.0;3984.0;0.0
0;20829.0;3983;263;0.0;0.0;0.0;0.0;3985;263;0.0;0.0;0.0;0.0;3984.0;0.0
0;20830.0;3983;258;0.0;0.0;0.0;0.0;3984;258;0.0;0.0;0.0;0.0;3983.5;0.0
0;20831.0;3984;9;3983.0;214.0;0.0;0.0;3985;214;0.0;0.0;0.0;0.0;3984.5;0.0
0;20832.0;3984;180;0.0;0.0;0.0;0.0;3985;180;0.0;0.0;0.0;0.0;3984.5;0.0
0;20833.0;3984;179;0.0;0.0;0.0;0.0;3986;179;0.0;0.0;0.0;0.0;3985.0;0.0
0;20834.0;3984;186;0.0;0.0;0.0;0.0;3986;186;0.0;0.0;0.0;0.0;3985.0;0.0
0;20835.0;3984;177;0.0;0.0;0.0;0.0;3985;60;3986.0;117.0;0.0;0.0;3984.5;0.0
0;20836.0;3984;220;0.0;0.0;0.0;0.0;3986;223;0.0;0.0;0.0;0.0;3985.0;0.0
0;20837.0;3984;209;0.0;0.0;0.0;0.0;3985;79;3986.0;130.0;0.0;0.0;3984.5;0.0
0;20838.0;3984;251;0.0;0.0;0.0;0.0;3985;56;3986.0;195.0;0.0;0.0;3984.5;0.0
0;20839.0;3984;222;0.0;0.0;0.0;0.0;3986;212;0.0;0.0;0.0;0.0;3985.0;0.0
0;20840.0;3984;60;3983.0;165.0;0.0;0.0;3985;225;0.0;0.0;0.0;0.0;3984.5;0.0
0;20841.0;3983;239;0.0;0.0;0.0;0.0;3985;239;0.0;0.0;0.0;0.0;3984.0;0.0
0;20842.0;3983;255;0.0;0.0;0.0;0.0;3985;255;0.0;0.0;0.0;0.0;3984.0;0.0
0;20843.0;3983;263;0.0;0.0;0.0;0.0;3985;263;0.0;0.0;0.0;0.0;3984.0;0.0
0;20844.0;3982;274;0.0;0.0;0.0;0.0;3984;274;0.0;0.0;0.0;0.0;3983.0;0.0
0;20845.0;3982;223;0.0;0.0;0.0;0.0;3984;223;0.0;0.0;0.0;0.0;3983.0;0.0
0;20846.0;3982;186;0.0;0.0;0.0;0.0;3983;76;3984.0;110.0;0.0;0.0;3982.5;0.0
0;20847.0;3983;74;3982.0;172.0;0.0;0.0;3984;246;0.0;0.0;0.0;0.0;3983.5;0.0
0;20848.0;3983;56;3982.0;130.0;0.0;0.0;3984;186;0.0;0.0;0.0;0.0;3983.5;0.0
0;20849.0;3982;213;0.0;0.0;0.0;0.0;3984;213;0.0;0.0;0.0;0.0;3983.0;0.0
0;20850.0;3983;50;3982.0;186.0;0.0;0.0;3984;236;0.0;0.0;0.0;0.0;3983.5;0.0
0;20851.0;3982;260;0.0;0.0;0.0;0.0;3984;260;0.0;0.0;0.0;0.0;3983.0;0.0
0;20852.0;3983;11;3982.0;220.0;0.0;0.0;3984;220;0.0;0.0;0.0;0.0;3983.5;0.0
0;20853.0;3982;286;0.0;0.0;0.0;0.0;3984;286;0.0;0.0;0.0;0.0;3983.0;0.0
0;20854.0;3982;263;0.0;0.0;0.0;0.0;3984;263;0.0;0.0;0.0;0.0;3983.0;0.0
0;20855.0;3982;213;0.0;0.0;0.0;0.0;3984;213;0.0;0.0;0.0;0.0;3983.0;0.0
0;20856.0;3982;242;0.0;0.0;0.0;0.0;3984;242;0.0;0.0;0.0;0.0;3983.0;0.0
0;20857.0;3982;263;0.0;0.0;0.0;0.0;3984;263;0.0;0.0;0.0;0.0;3983.0;0.0
0;20858.0;3983;157;0.0;0.0;0.0;0.0;3984;157;0.0;0.0;0.0;0.0;3983.5;0.0
0;20859.0;3983;212;0.0;0.0;0.0;0.0;3984;70;3985.0;142.0;0.0;0.0;3983.5;0.0
0;20860.0;3982;233;0.0;0.0;0.0;0.0;3984;233;0.0;0.0;0.0;0.0;3983.0;0.0
0;20861.0;3982;205;0.0;0.0;0.0;0.0;3984;205;0.0;0.0;0.0;0.0;3983.0;0.0
0;20862.0;3983;60;3982.0;126.0;0.0;0.0;3984;186;0.0;0.0;0.0;0.0;3983.5;0.0
0;20863.0;3982;284;0.0;0.0;0.0;0.0;3984;284;0.0;0.0;0.0;0.0;3983.0;0.0
0;20864.0;3982;258;0.0;0.0;0.0;0.0;3983;75;3984.0;183.0;0.0;0.0;3982.5;0.0
0;20865.0;3982;222;0.0;0.0;0.0;0.0;3983;51;3984.0;171.0;0.0;0.0;3982.5;0.0
0;20866.0;3982;185;0.0;0.0;0.0;0.0;3983;185;0.0;0.0;0.0;0.0;3982.5;0.0
0;20867.0;3981;178;0.0;0.0;0.0;0.0;3983;178;0.0;0.0;0.0;0.0;3982.0;0.0
0;20868.0;3982;100;3981.0;126.0;0.0;0.0;3983;226;0.0;0.0;0.0;0.0;3982.5;0.0
0;20869.0;3982;266;0.0;0.0;0.0;0.0;3983;266;0.0;0.0;0.0;0.0;3982.5;0.0
0;20870.0;3982;216;0.0;0.0;0.0;0.0;3983;52;3984.0;161.0;0.0;0.0;3982.5;0.0
0;20871.0;3982;202;0.0;0.0;0.0;0.0;3983;90;3984.0;112.0;0.0;0.0;3982.5;0.0
0;20872.0;3982;246;0.0;0.0;0.0;0.0;3984;243;0.0;0.0;0.0;0.0;3983.0;0.0
0;20873.0;3983;65;3982.0;180.0;0.0;0.0;3984;245;0.0;0.0;0.0;0.0;3983.5;0.0
0;20874.0;3983;197;0.0;0.0;0.0;0.0;3984;98;3985.0;102.0;0.0;0.0;3983.5;0.0
0;20875.0;3983;220;0.0;0.0;0.0;0.0;3985;220;0.0;0.0;0.0;0.0;3984.0;0.0
0;20876.0;3984;289;0.0;0.0;0.0;0.0;3985;289;0.0;0.0;0.0;0.0;3984.5;0.0
0;20877.0;3984;214;0.0;0.0;0.0;0.0;3985;78;3986.0;146.0;0.0;0.0;3984.5;0.0
0;20878.0;3984;269;0.0;0.0;0.0;0.0;3986;260;0.0;0.0;0.0;0.0;3985.0;0.0
0;20879.0;3984;78;3983.0;103.0;0.0;0.0;3985;181;0.0;0.0;0.0;0.0;3984.5;0.0
0;20880.0;3983;242;0.0;0.0;0.0;0.0;3985;242;0.0;0.0;0.0;0.0;3984.0;0.0
0;20881.0;3983;198;0.0;0.0;0.0;0.0;3985;198;0.0;0.0;0.0;0.0;3984.0;0.0
0;20882.0;3984;55;3983.0;116.0;0.0;0.0;3985;171;0.0;0.0;0.0;0.0;3984.5;0.0
0;20883.0;3984;75;3983.0;135.0;0.0;0.0;3985;210;0.0;0.0;0.0;0.0;3984.5;0.0
0;20884.0;3984;171;0.0;0.0;0.0;0.0;3985;51;3986.0;120.0;0.0;0.0;3984.5;0.0
0;20885.0;3984;224;0.0;0.0;0.0;0.0;3985;50;3986.0;174.0;0.0;0.0;3984.5;0.0
0;20886.0;3984;236;0.0;0.0;0.0;0.0;3986;236;0.0;0.0;0.0;0.0;3985.0;0.0
0;20887.0;3985;61;3984.0;114.0;0.0;0.0;3986;172;0.0;0.0;0.0;0.0;3985.5;0.0
0;20888.0;3984;216;0.0;0.0;0.0;0.0;3986;216;0.0;0.0;0.0;0.0;3985.0;0.0
0;20889.0;3985;51;3984.0;196.0;0.0;0.0;3986;247;0.0;0.0;0.0;0.0;3985.5;0.0
0;20890.0;3985;175;0.0;0.0;0.0;0.0;3987;175;0.0;0.0;0.0;0.0;3986.0;0.0
0;20891.0;3985;212;0.0;0.0;0.0;0.0;3987;212;0.0;0.0;0.0;0.0;3986.0;0.0
0;20892.0;3985;97;3984.0;184.0;0.0;0.0;3986;281;0.0;0.0;0.0;0.0;3985.5;0.0
0;20893.0;3985;219;0.0;0.0;0.0;0.0;3986;62;3987.0;157.0;0.0;0.0;3985.5;0.0
0;20894.0;3985;169;0.0;0.0;0.0;0.0;3986;169;0.0;0.0;0.0;0.0;3985.5;0.0
0;20895.0;3985;70;3984.0;152.0;0.0;0.0;3986;222;0.0;0.0;0.0;0.0;3985.5;0.0
0;20896.0;3985;8;3984.0;239.0;0.0;0.0;3986;239;0.0;0.0;0.0;0.0;3985.5;0.0
0;20897.0;3984;206;0.0;0.0;0.0;0.0;3986;206;0.0;0.0;0.0;0.0;3985.0;0.0
0;20898.0;3985;93;3984.0;109.0;0.0;0.0;3986;202;0.0;0.0;0.0;0.0;3985.5;0.0
0;20899.0;3985;219;0.0;0.0;0.0;0.0;3986;219;0.0;0.0;0.0;0.0;3985.5;0.0
0;20900.0;3985;246;0.0;0.0;0.0;0.0;3986;246;0.0;0.0;0.0;0.0;3985.5;0.0
0;20901.0;3985;280;0.0;0.0;0.0;0.0;3987;280;0.0;0.0;0.0;0.0;3986.0;0.0
0;20902.0;3985;222;0.0;0.0;0.0;0.0;3986;54;3987.0;168.0;0.0;0.0;3985.5;0.0
0;20903.0;3985;178;0.0;0.0;0.0;0.0;3987;178;0.0;0.0;0.0;0.0;3986.0;0.0
0;20904.0;3985;182;0.0;0.0;0.0;0.0;3986;182;0.0;0.0;0.0;0.0;3985.5;0.0
0;20905.0;3984;271;0.0;0.0;0.0;0.0;3986;271;0.0;0.0;0.0;0.0;3985.0;0.0
0;20906.0;3985;178;0.0;0.0;0.0;0.0;3986;178;0.0;0.0;0.0;0.0;3985.5;0.0
0;20907.0;3984;235;0.0;0.0;0.0;0.0;3986;235;0.0;0.0;0.0;0.0;3985.0;0.0
0;20908.0;3985;177;0.0;0.0;0.0;0.0;3986;177;0.0;0.0;0.0;0.0;3985.5;0.0
0;20909.0;3985;271;0.0;0.0;0.0;0.0;3986;271;0.0;0.0;0.0;0.0;3985.5;0.0
0;20910.0;3985;275;0.0;0.0;0.0;0.0;3987;275;0.0;0.0;0.0;0.0;3986.0;0.0
0;20911.0;3985;298;0.0;0.0;0.0;0.0;3987;298;0.0;0.0;0.0;0.0;3986.0;0.0
0;20912.0;3986;5;3985.0;242.0;0.0;0.0;3987;242;0.0;0.0;0.0;0.0;3986.5;0.0
0;20913.0;3985;236;0.0;0.0;0.0;0.0;3986;89;3987.0;147.0;0.0;0.0;3985.5;0.0
0;20914.0;3985;170;0.0;0.0;0.0;0.0;3986;170;0.0;0.0;0.0;0.0;3985.5;0.0
0;20915.0;3985;251;0.0;0.0;0.0;0.0;3987;251;0.0;0.0;0.0;0.0;3986.0;0.0
0;20916.0;3986;5;3985.0;206.0;0.0;0.0;3987;206;0.0;0.0;0.0;0.0;3986.5;0.0
0;20917.0;3986;240;0.0;0.0;0.0;0.0;3987;92;3988.0;148.0;0.0;0.0;3986.5;0.0
0;20918.0;3986;276;0.0;0.0;0.0;0.0;3987;276;0.0;0.0;0.0;0.0;3986.5;0.0
0;20919.0;3986;53;3985.0;167.0;0.0;0.0;3987;220;0.0;0.0;0.0;0.0;3986.5;0.0
0;20920.0;3985;198;0.0;0.0;0.0;0.0;3987;198;0.0;0.0;0.0;0.0;3986.0;0.0
0;20921.0;3985;211;0.0;0.0;0.0;0.0;3987;211;0.0;0.0;0.0;0.0;3986.0;0.0
0;20922.0;3986;219;0.0;0.0;0.0;0.0;3987;78;3988.0;141.0;0.0;0.0;3986.5;0.0
0;20923.0;3986;235;0.0;0.0;0.0;0.0;3987;235;0.0;0.0;0.0;0.0;3986.5;0.0
0;20924.0;3986;53;3985.0;122.0;0.0;0.0;3987;175;0.0;0.0;0.0;0.0;3986.5;0.0
0;20925.0;3986;63;3985.0;189.0;0.0;0.0;3987;252;0.0;0.0;0.0;0.0;3986.5;0.0
0;20926.0;3985;192;0.0;0.0;0.0;0.0;3987;192;0.0;0.0;0.0;0.0;3986.0;0.0
0;20927.0;3985;227;0.0;0.0;0.0;0.0;3987;227;0.0;0.0;0.0;0.0;3986.0;0.0
0;20928.0;3986;64;3985.0;125.0;0.0;0.0;3987;189;0.0;0.0;0.0;0.0;3986.5;0.0
0;20929.0;3986;210;0.0;0.0;0.0;0.0;3987;210;0.0;0.0;0.0;0.0;3986.5;0.0
0;20930.0;3986;70;3985.0;158.0;0.0;0.0;3987;228;0.0;0.0;0.0;0.0;3986.5;0.0
0;20931.0;3986;74;3985.0;156.0;0.0;0.0;3987;230;0.0;0.0;0.0;0.0;3986.5;0.0
0;20932.0;3985;244;0.0;0.0;0.0;0.0;3987;244;0.0;0.0;0.0;0.0;3986.0;0.0
0;20933.0;3986;245;0.0;0.0;0.0;0.0;3987;70;3988.0;175.0;0.0;0.0;3986.5;0.0
0;20934.0;3986;192;0.0;0.0;0.0;0.0;3987;192;0.0;0.0;0.0;0.0;3986.5;0.0
0;20935.0;3986;166;0.0;0.0;0.0;0.0;3987;166;0.0;0.0;0.0;0.0;3986.5;0.0
0;20936.0;3986;245;0.0;0.0;0.0;0.0;3987;71;3988.0;174.0;0.0;0.0;3986.5;0.0
0;20937.0;3986;211;0.0;0.0;0.0;0.0;3988;211;0.0;0.0;0.0;0.0;3987.0;0.0
0;20938.0;3987;187;0.0;0.0;0.0;0.0;3988;187;0.0;0.0;0.0;0.0;3987.5;0.0
0;20939.0;3987;227;0.0;0.0;0.0;0.0;3989;227;0.0;0.0;0.0;0.0;3988.0;0.0
0;20940.0;3988;259;0.0;0.0;0.0;0.0;3989;259;0.0;0.0;0.0;0.0;3988.5;0.0
0;20941.0;3988;262;0.0;0.0;0.0;0.0;3990;262;0.0;0.0;0.0;0.0;3989.0;0.0
0;20942.0;3989;74;3988.0;178.0;0.0;0.0;3990;252;0.0;0.0;0.0;0.0;3989.5;0.0
0;20943.0;3989;55;3988.0;147.0;0.0;0.0;3990;202;0.0;0.0;0.0;0.0;3989.5;0.0
0;20944.0;3988;253;0.0;0.0;0.0;0.0;3990;253;0.0;0.0;0.0;0.0;3989.0;0.0
0;20945.0;3989;194;0.0;0.0;0.0;0.0;3990;71;3991.0;123.0;0.0;0.0;3989.5;0.0
0;20946.0;3989;235;0.0;0.0;0.0;0.0;3990;235;0.0;0.0;0.0;0.0;3989.5;0.0
0;20947.0;3989;168;0.0;0.0;0.0;0.0;3991;175;0.0;0.0;0.0;0.0;3990.0;0.0
0;20948.0;3989;274;0.0;0.0;0.0;0.0;3991;274;0.0;0.0;0.0;0.0;3990.0;0.0
0;20949.0;3990;196;0.0;0.0;0.0;0.0;3991;196;0.0;0.0;0.0;0.0;3990.5;0.0
0;20950.0;3990;93;3989.0;130.0;0.0;0.0;3991;223;0.0;0.0;0.0;0.0;3990.5;0.0
0;20951.0;3990;181;0.0;0.0;0.0;0.0;3991;181;0.0;0.0;0.0;0.0;3990.5;0.0
0;20952.0;3990;164;0.0;0.0;0.0;0.0;3991;76;3992.0;100.0;0.0;0.0;3990.5;0.0
0;20953.0;3990;262;0.0;0.0;0.0;0.0;3991;87;3992.0;175.0;0.0;0.0;3990.5;0.0
0;20954.0;3991;67;3990.0;118.0;0.0;0.0;3992;185;0.0;0.0;0.0;0.0;3991.5;0.0
0;20955.0;3991;51;3990.0;120.0;0.0;0.0;3992;171;0.0;0.0;0.0;0.0;3991.5;0.0
0;20956.0;3991;212;0.0;0.0;0.0;0.0;3992;82;3993.0;130.0;0.0;0.0;3991.5;0.0
0;20957.0;3991;205;0.0;0.0;0.0;0.0;3992;87;3993.0;114.0;0.0;0.0;3991.5;0.0
0;20958.0;3991;275;0.0;0.0;0.0;0.0;3993;275;0.0;0.0;0.0;0.0;3992.0;0.0
0;20959.0;3992;68;3991.0;171.0;0.0;0.0;3993;239;0.0;0.0;0.0;0.0;3992.5;0.0
0;20960.0;3992;198;0.0;0.0;0.0;0.0;3993;198;0.0;0.0;0.0;0.0;3992.5;0.0
0;20961.0;3992;200;0.0;0.0;0.0;0.0;3993;200;0.0;0.0;0.0;0.0;3992.5;0.0
0;20962.0;3992;168;0.0;0.0;0.0;0.0;3994;168;0.0;0.0;0.0;0.0;3993.0;0.0
0;20963.0;3992;89;3991.0;128.0;0.0;0.0;3993;217;0.0;0.0;0.0;0.0;3992.5;0.0
0;20964.0;3992;208;0.0;0.0;0.0;0.0;3993;95;3994.0;113.0;0.0;0.0;3992.5;0.0
0;20965.0;3992;193;0.0;0.0;0.0;0.0;3994;193;0.0;0.0;0.0;0.0;3993.0;0.0
0;20966.0;3993;204;0.0;0.0;0.0;0.0;3995;204;0.0;0.0;0.0;0.0;3994.0;0.0
0;20967.0;3993;211;0.0;0.0;0.0;0.0;3994;79;3995.0;132.0;0.0;0.0;3993.5;0.0
0;20968.0;3993;258;0.0;0.0;0.0;0.0;3995;258;0.0;0.0;0.0;0.0;3994.0;0.0
0;20969.0;3993;89;3992.0;157.0;0.0;0.0;3994;246;0.0;0.0;0.0;0.0;3993.5;0.0
0;20970.0;3993;247;0.0;0.0;0.0;0.0;3994;247;0.0;0.0;0.0;0.0;3993.5;0.0
0;20971.0;3992;203;0.0;0.0;0.0;0.0;3994;203;0.0;0.0;0.0;0.0;3993.0;0.0
0;20972.0;3993;51;3992.0;160.0;0.0;0.0;3994;211;0.0;0.0;0.0;0.0;3993.5;0.0
0;20973.0;3993;5;3992.0;277.0;0.0;0.0;3994;277;0.0;0.0;0.0;0.0;3993.5;0.0
0;20974.0;3993;165;0.0;0.0;0.0;0.0;3995;176;0.0;0.0;0.0;0.0;3994.0;0.0
0;20975.0;3993;213;0.0;0.0;0.0;0.0;3995;220;0.0;0.0;0.0;0.0;3994.0;0.0
0;20976.0;3993;240;0.0;0.0;0.0;0.0;3995;240;0.0;0.0;0.0;0.0;3994.0;0.0
0;20977.0;3993;225;0.0;0.0;0.0;0.0;3995;225;0.0;0.0;0.0;0.0;3994.0;0.0
0;20978.0;3993;259;0.0;0.0;0.0;0.0;3994;67;3995.0;192.0;0.0;0.0;3993.5;0.0
0;20979.0;3993;55;3992.0;147.0;0.0;0.0;3994;202;0.0;0.0;0.0;0.0;3993.5;0.0
0;20980.0;3993;209;0.0;0.0;0.0;0.0;3994;209;0.0;0.0;0.0;0.0;3993.5;0.0
0;20981.0;3993;221;0.0;0.0;0.0;0.0;3995;221;0.0;0.0;0.0;0.0;3994.0;0.0
0;20982.0;3993;201;0.0;0.0;0.0;0.0;3994;92;3995.0;109.0;0.0;0.0;3993.5;0.0
0;20983.0;3993;204;0.0;0.0;0.0;0.0;3995;204;0.0;0.0;0.0;0.0;3994.0;0.0
0;20984.0;3993;190;0.0;0.0;0.0;0.0;3995;190;0.0;0.0;0.0;0.0;3994.0;0.0
0;20985.0;3993;242;0.0;0.0;0.0;0.0;3994;242;0.0;0.0;0.0;0.0;3993.5;0.0
0;20986.0;3993;152;0.0;0.0;0.0;0.0;3994;52;3995.0;100.0;0.0;0.0;3993.5;0.0
0;20987.0;3994;273;0.0;0.0;0.0;0.0;3995;273;0.0;0.0;0.0;0.0;3994.5;0.0
0;20988.0;3994;241;0.0;0.0;0.0;0.0;3995;73;3996.0;168.0;0.0;0.0;3994.5;0.0
0;20989.0;3994;200;0.0;0.0;0.0;0.0;3996;200;0.0;0.0;0.0;0.0;3995.0;0.0
0;20990.0;3994;189;0.0;0.0;0.0;0.0;3996;189;0.0;0.0;0.0;0.0;3995.0;0.0
0;20991.0;3994;254;0.0;0.0;0.0;0.0;3995;74;3996.0;180.0;0.0;0.0;3994.5;0.0
0;20992.0;3995;81;3994.0;148.0;0.0;0.0;3996;229;0.0;0.0;0.0;0.0;3995.5;0.0
0;20993.0;3995;60;3994.0;141.0;0.0;0.0;3996;201;0.0;0.0;0.0;0.0;3995.5;0.0
0;20994.0;3994;199;0.0;0.0;0.0;0.0;3996;199;0.0;0.0;0.0;0.0;3995.0;0.0
0;20995.0;3995;174;0.0;0.0;0.0;0.0;3996;59;3997.0;115.0;0.0;0.0;3995.5;0.0
0;20996.0;3995;210;0.0;0.0;0.0;0.0;3996;210;0.0;0.0;0.0;0.0;3995.5;0.0
0;20997.0;3995;215;0.0;0.0;0.0;0.0;3996;215;0.0;0.0;0.0;0.0;3995.5;0.0
0;20998.0;3995;197;0.0;0.0;0.0;0.0;3996;50;3997.0;147.0;0.0;0.0;3995.5;0.0
0;20999.0;3995;226;0.0;0.0;0.0;0.0;3997;226;0.0;0.0;0.0;0.0;3996.0;0.0
0;21000.0;3995;273;0.0;0.0;0.0;0.0;3997;273;0.0;0.0;0.0;0.0;3996.0;0.0
0;21001.0;3995;177;0.0;0.0;0.0;0.0;3997;177;0.0;0.0;0.0;0.0;3996.0;0.0
0;21002.0;3996;238;0.0;0.0;0.0;0.0;3997;77;3998.0;161.0;0.0;0.0;3996.5;0.0
0;21003.0;3997;81;3996.0;169.0;0.0;0.0;3998;250;0.0;0.0;0.0;0.0;3997.5;0.0
0;21004.0;3997;253;0.0;0.0;0.0;0.0;3998;253;0.0;0.0;0.0;0.0;3997.5;0.0
0;21005.0;3997;279;0.0;0.0;0.0;0.0;3999;279;0.0;0.0;0.0;0.0;3998.0;0.0
0;21006.0;3998;94;3997.0;135.0;0.0;0.0;3999;229;0.0;0.0;0.0;0.0;3998.5;0.0
0;21007.0;3998;94;3997.0;165.0;0.0;0.0;3999;259;0.0;0.0;0.0;0.0;3998.5;0.0
0;21008.0;3998;63;3997.0;134.0;0.0;0.0;3999;197;0.0;0.0;0.0;0.0;3998.5;0.0
0;21009.0;3999;56;3998.0;114.0;0.0;0.0;4000;170;0.0;0.0;0.0;0.0;3999.5;0.0
0;21010.0;3999;209;0.0;0.0;0.0;0.0;4001;209;0.0;0.0;0.0;0.0;4000.0;0.0
0;21011.0;4000;66;3999.0;108.0;0.0;0.0;4001;174;0.0;0.0;0.0;0.0;4000.5;0.0
0;21012.0;4000;243;0.0;0.0;0.0;0.0;4001;95;4002.0;137.0;0.0;0.0;4000.5;0.0
0;21013.0;3999;197;0.0;0.0;0.0;0.0;4001;197;0.0;0.0;0.0;0.0;4000.0;0.0
0;21014.0;3999;288;0.0;0.0;0.0;0.0;4000;91;4001.0;197.0;0.0;0.0;3999.5;0.0
0;21015.0;3999;264;0.0;0.0;0.0;0.0;4001;264;0.0;0.0;0.0;0.0;4000.0;0.0
0;21016.0;4000;85;3999.0;184.0;0.0;0.0;4001;278;0.0;0.0;0.0;0.0;4000.5;0.0
0;21017.0;3998;226;0.0;0.0;0.0;0.0;3999;85;4000.0;141.0;0.0;0.0;3998.5;0.0
0;21018.0;3998;184;0.0;0.0;0.0;0.0;3999;54;4000.0;130.0;0.0;0.0;3998.5;0.0
0;21019.0;3997;246;0.0;0.0;0.0;0.0;3998;100;3999.0;146.0;0.0;0.0;3997.5;0.0
0;21020.0;3997;94;3996.0;103.0;0.0;0.0;3998;197;0.0;0.0;0.0;0.0;3997.5;0.0
0;21021.0;3996;245;0.0;0.0;0.0;0.0;3997;97;3998.0;148.0;0.0;0.0;3996.5;0.0
0;21022.0;3996;159;0.0;0.0;0.0;0.0;3997;57;3998.0;102.0;0.0;0.0;3996.5;0.0
0;21023.0;3996;78;3995.0;192.0;0.0;0.0;3997;270;0.0;0.0;0.0;0.0;3996.5;0.0
0;21024.0;3996;72;3995.0;118.0;0.0;0.0;3997;190;0.0;0.0;0.0;0.0;3996.5;0.0
0;21025.0;3996;250;0.0;0.0;0.0;0.0;3997;250;0.0;0.0;0.0;0.0;3996.5;0.0
0;21026.0;3996;72;3995.0;115.0;0.0;0.0;3997;187;0.0;0.0;0.0;0.0;3996.5;0.0
0;21027.0;3996;270;0.0;0.0;0.0;0.0;3998;270;0.0;0.0;0.0;0.0;3997.0;0.0
0;21028.0;3997;73;3996.0;153.0;0.0;0.0;3998;226;0.0;0.0;0.0;0.0;3997.5;0.0
0;21029.0;3996;250;0.0;0.0;0.0;0.0;3998;250;0.0;0.0;0.0;0.0;3997.0;0.0
0;21030.0;3996;286;0.0;0.0;0.0;0.0;3997;286;0.0;0.0;0.0;0.0;3996.5;0.0
0;21031.0;3996;77;3995.0;101.0;0.0;0.0;3997;178;0.0;0.0;0.0;0.0;3996.5;0.0
0;21032.0;3996;245;0.0;0.0;0.0;0.0;3998;245;0.0;0.0;0.0;0.0;3997.0;0.0
0;21033.0;3996;178;0.0;0.0;0.0;0.0;3997;187;0.0;0.0;0.0;0.0;3996.5;0.0
0;21034.0;3996;235;0.0;0.0;0.0;0.0;3998;235;0.0;0.0;0.0;0.0;3997.0;0.0
0;21035.0;3996;236;0.0;0.0;0.0;0.0;3998;236;0.0;0.0;0.0;0.0;3997.0;0.0
0;21036.0;3997;227;0.0;0.0;0.0;0.0;3998;227;0.0;0.0;0.0;0.0;3997.5;0.0
0;21037.0;3997;60;3996.0;178.0;0.0;0.0;3998;238;0.0;0.0;0.0;0.0;3997.5;0.0
0;21038.0;3997;223;0.0;0.0;0.0;0.0;3998;66;3999.0;157.0;0.0;0.0;3997.5;0.0
0;21039.0;3997;88;3996.0;165.0;0.0;0.0;3998;253;0.0;0.0;0.0;0.0;3997.5;0.0
0;21040.0;3997;155;0.0;0.0;0.0;0.0;3998;152;0.0;0.0;0.0;0.0;3997.5;0.0
0;21041.0;3997;221;0.0;0.0;0.0;0.0;3999;221;0.0;0.0;0.0;0.0;3998.0;0.0
0;21042.0;3998;73;3997.0;128.0;0.0;0.0;3999;201;0.0;0.0;0.0;0.0;3998.5;0.0
0;21043.0;3998;4;3997.0;177.0;0.0;0.0;3999;177;0.0;0.0;0.0;0.0;3998.5;0.0
0;21044.0;3998;71;3997.0;106.0;0.0;0.0;3999;177;0.0;0.0;0.0;0.0;3998.5;0.0
0;21045.0;3998;172;0.0;0.0;0.0;0.0;4000;180;0.0;0.0;0.0;0.0;3999.0;0.0
0;21046.0;3998;227;0.0;0.0;0.0;0.0;4000;227;0.0;0.0;0.0;0.0;3999.0;0.0
0;21047.0;3998;275;0.0;0.0;0.0;0.0;3999;92;4000.0;183.0;0.0;0.0;3998.5;0.0
0;21048.0;3998;55;3997.0;181.0;0.0;0.0;3999;236;0.0;0.0;0.0;0.0;3998.5;0.0
0;21049.0;3997;215;0.0;0.0;0.0;0.0;3999;215;0.0;0.0;0.0;0.0;3998.0;0.0
0;21050.0;3997;172;0.0;0.0;0.0;0.0;3998;172;0.0;0.0;0.0;0.0;3997.5;0.0
0;21051.0;3996;197;0.0;0.0;0.0;0.0;3998;197;0.0;0.0;0.0;0.0;3997.0;0.0
0;21052.0;3997;221;0.0;0.0;0.0;0.0;3999;221;0.0;0.0;0.0;0.0;3998.0;0.0
0;21053.0;3997;236;0.0;0.0;0.0;0.0;3998;236;0.0;0.0;0.0;0.0;3997.5;0.0
0;21054.0;3997;265;0.0;0.0;0.0;0.0;3999;265;0.0;0.0;0.0;0.0;3998.0;0.0
0;21055.0;3997;264;0.0;0.0;0.0;0.0;3999;264;0.0;0.0;0.0;0.0;3998.0;0.0
0;21056.0;3998;165;0.0;0.0;0.0;0.0;3999;165;0.0;0.0;0.0;0.0;3998.5;0.0
0;21057.0;3998;175;0.0;0.0;0.0;0.0;3999;175;0.0;0.0;0.0;0.0;3998.5;0.0
0;21058.0;3997;188;0.0;0.0;0.0;0.0;3999;188;0.0;0.0;0.0;0.0;3998.0;0.0
0;21059.0;3998;167;0.0;0.0;0.0;0.0;4000;167;0.0;0.0;0.0;0.0;3999.0;0.0
0;21060.0;3998;213;0.0;0.0;0.0;0.0;4000;213;0.0;0.0;0.0;0.0;3999.0;0.0
0;21061.0;3999;183;0.0;0.0;0.0;0.0;4000;51;4001.0;132.0;0.0;0.0;3999.5;0.0
0;21062.0;3999;256;0.0;0.0;0.0;0.0;4000;70;4001.0;186.0;0.0;0.0;3999.5;0.0
0;21063.0;3999;194;0.0;0.0;0.0;0.0;4001;194;0.0;0.0;0.0;0.0;4000.0;0.0
0;21064.0;3999;256;0.0;0.0;0.0;0.0;4001;262;0.0;0.0;0.0;0.0;4000.0;0.0
0;21065.0;3999;211;0.0;0.0;0.0;0.0;4000;69;4001.0;142.0;0.0;0.0;3999.5;0.0
0;21066.0;3999;53;3998.0;194.0;0.0;0.0;4000;247;0.0;0.0;0.0;0.0;3999.5;0.0
0;21067.0;3999;257;0.0;0.0;0.0;0.0;4001;257;0.0;0.0;0.0;0.0;4000.0;0.0
0;21068.0;3999;261;0.0;0.0;0.0;0.0;4000;261;0.0;0.0;0.0;0.0;3999.5;0.0
0;21069.0;3999;168;0.0;0.0;0.0;0.0;4001;168;0.0;0.0;0.0;0.0;4000.0;0.0
0;21070.0;3999;199;0.0;0.0;0.0;0.0;4001;199;0.0;0.0;0.0;0.0;4000.0;0.0
0;21071.0;3999;194;0.0;0.0;0.0;0.0;4000;87;4001.0;107.0;0.0;0.0;3999.5;0.0
0;21072.0;3999;184;0.0;0.0;0.0;0.0;4001;177;0.0;0.0;0.0;0.0;4000.0;0.0
0;21073.0;3999;246;0.0;0.0;0.0;0.0;4000;246;0.0;0.0;0.0;0.0;3999.5;0.0
0;21074.0;3999;238;0.0;0.0;0.0;0.0;4001;230;0.0;0.0;0.0;0.0;4000.0;0.0
0;21075.0;4000;10;3999.0;208.0;0.0;0.0;4001;208;0.0;0.0;0.0;0.0;4000.5;0.0
0;21076.0;4000;7;3999.0;175.0;0.0;0.0;4001;175;0.0;0.0;0.0;0.0;4000.5;0.0
0;21077.0;4000;180;0.0;0.0;0.0;0.0;4001;180;0.0;0.0;0.0;0.0;4000.5;0.0
0;21078.0;4000;96;3999.0;153.0;0.0;0.0;4001;249;0.0;0.0;0.0;0.0;4000.5;0.0
0;21079.0;4000;204;0.0;0.0;0.0;0.0;4002;204;0.0;0.0;0.0;0.0;4001.0;0.0
0;21080.0;4001;77;4000.0;106.0;0.0;0.0;4002;171;0.0;0.0;0.0;0.0;4001.5;0.0
0;21081.0;4000;280;0.0;0.0;0.0;0.0;4002;280;0.0;0.0;0.0;0.0;4001.0;0.0
0;21082.0;4000;216;0.0;0.0;0.0;0.0;4002;216;0.0;0.0;0.0;0.0;4001.0;0.0
0;21083.0;4000;210;0.0;0.0;0.0;0.0;4001;58;4002.0;152.0;0.0;0.0;4000.5;0.0
0;21084.0;3999;233;0.0;0.0;0.0;0.0;4001;245;0.0;0.0;0.0;0.0;4000.0;0.0
0;21085.0;3999;218;0.0;0.0;0.0;0.0;4000;9;4001.0;218.0;0.0;0.0;3999.5;0.0
0;21086.0;3999;172;0.0;0.0;0.0;0.0;4001;172;0.0;0.0;0.0;0.0;4000.0;0.0
0;21087.0;4000;87;3999.0;191.0;0.0;0.0;4001;278;0.0;0.0;0.0;0.0;4000.5;0.0
0;21088.0;4000;276;0.0;0.0;0.0;0.0;4001;93;4002.0;183.0;0.0;0.0;4000.5;0.0
0;21089.0;3999;249;0.0;0.0;0.0;0.0;4001;249;0.0;0.0;0.0;0.0;4000.0;0.0
0;21090.0;3999;273;0.0;0.0;0.0;0.0;4001;273;0.0;0.0;0.0;0.0;4000.0;0.0
0;21091.0;3999;237;0.0;0.0;0.0;0.0;4001;237;0.0;0.0;0.0;0.0;4000.0;0.0
0;21092.0;3999;82;3998.0;144.0;0.0;0.0;4000;226;0.0;0.0;0.0;0.0;3999.5;0.0
0;21093.0;3999;226;0.0;0.0;0.0;0.0;4000;226;0.0;0.0;0.0;0.0;3999.5;0.0
0;21094.0;3999;176;0.0;0.0;0.0;0.0;4000;176;0.0;0.0;0.0;0.0;3999.5;0.0
0;21095.0;3999;79;3998.0;118.0;0.0;0.0;4000;197;0.0;0.0;0.0;0.0;3999.5;0.0
0;21096.0;3999;191;0.0;0.0;0.0;0.0;4001;184;0.0;0.0;0.0;0.0;4000.0;0.0
0;21097.0;3999;186;0.0;0.0;0.0;0.0;4001;186;0.0;0.0;0.0;0.0;4000.0;0.0
0;21098.0;4000;227;0.0;0.0;0.0;0.0;4002;221;0.0;0.0;0.0;0.0;4001.0;0.0
0;21099.0;4000;216;0.0;0.0;0.0;0.0;4001;216;0.0;0.0;0.0;0.0;4000.5;0.0
0;21100.0;4000;189;0.0;0.0;0.0;0.0;4001;72;4002.0;117.0;0.0;0.0;4000.5;0.0
0;21101.0;4001;70;4000.0;172.0;0.0;0.0;4002;242;0.0;0.0;0.0;0.0;4001.5;0.0
0;21102.0;4000;245;0.0;0.0;0.0;0.0;4002;245;0.0;0.0;0.0;0.0;4001.0;0.0
0;21103.0;4000;205;0.0;0.0;0.0;0.0;4001;11;4002.0;205.0;0.0;0.0;4000.5;0.0
0;21104.0;4000;183;0.0;0.0;0.0;0.0;4001;183;0.0;0.0;0.0;0.0;4000.5;0.0
0;21105.0;4000;202;0.0;0.0;0.0;0.0;4001;202;0.0;0.0;0.0;0.0;4000.5;0.0
0;21106.0;3999;226;0.0;0.0;0.0;0.0;4001;226;0.0;0.0;0.0;0.0;4000.0;0.0
0;21107.0;3999;161;0.0;0.0;0.0;0.0;4001;161;0.0;0.0;0.0;0.0;4000.0;0.0
0;21108.0;3999;256;0.0;0.0;0.0;0.0;4001;256;0.0;0.0;0.0;0.0;4000.0;0.0
0;21109.0;4000;242;0.0;0.0;0.0;0.0;4001;242;0.0;0.0;0.0;0.0;4000.5;0.0
0;21110.0;4000;199;0.0;0.0;0.0;0.0;4001;199;0.0;0.0;0.0;0.0;4000.5;0.0
0;21111.0;4000;54;3999.0;156.0;0.0;0.0;4001;210;0.0;0.0;0.0;0.0;4000.5;0.0
0;21112.0;4000;77;3999.0;111.0;0.0;0.0;4001;188;0.0;0.0;0.0;0.0;4000.5;0.0
0;21113.0;3999;246;0.0;0.0;0.0;0.0;4001;246;0.0;0.0;0.0;0.0;4000.0;0.0
0;21114.0;4000;166;0.0;0.0;0.0;0.0;4001;166;0.0;0.0;0.0;0.0;4000.5;0.0
0;21115.0;4000;254;0.0;0.0;0.0;0.0;4002;254;0.0;0.0;0.0;0.0;4001.0;0.0
0;21116.0;4001;221;0.0;0.0;0.0;0.0;4002;68;4003.0;153.0;0.0;0.0;4001.5;0.0
0;21117.0;4001;259;0.0;0.0;0.0;0.0;4002;82;4003.0;177.0;0.0;0.0;4001.5;0.0
0;21118.0;4001;203;0.0;0.0;0.0;0.0;4003;203;0.0;0.0;0.0;0.0;4002.0;0.0
0;21119.0;4001;163;0.0;0.0;0.0;0.0;4002;56;4003.0;107.0;0.0;0.0;4001.5;0.0
0;21120.0;4001;174;0.0;0.0;0.0;0.0;4002;61;4003.0;113.0;0.0;0.0;4001.5;0.0
0;21121.0;4001;242;0.0;0.0;0.0;0.0;4002;242;0.0;0.0;0.0;0.0;4001.5;0.0
0;21122.0;4001;62;4000.0;185.0;0.0;0.0;4002;247;0.0;0.0;0.0;0.0;4001.5;0.0
0;21123.0;4001;239;0.0;0.0;0.0;0.0;4003;239;0.0;0.0;0.0;0.0;4002.0;0.0
0;21124.0;4001;297;0.0;0.0;0.0;0.0;4003;297;0.0;0.0;0.0;0.0;4002.0;0.0
0;21125.0;4002;192;0.0;0.0;0.0;0.0;4003;192;0.0;0.0;0.0;0.0;4002.5;0.0
0;21126.0;4001;257;0.0;0.0;0.0;0.0;4003;257;0.0;0.0;0.0;0.0;4002.0;0.0
0;21127.0;4001;190;0.0;0.0;0.0;0.0;4003;190;0.0;0.0;0.0;0.0;4002.0;0.0
0;21128.0;4001;54;4000.0;131.0;0.0;0.0;4002;185;0.0;0.0;0.0;0.0;4001.5;0.0
0;21129.0;4000;256;0.0;0.0;0.0;0.0;4002;256;0.0;0.0;0.0;0.0;4001.0;0.0
0;21130.0;4001;225;0.0;0.0;0.0;0.0;4002;75;4003.0;150.0;0.0;0.0;4001.5;0.0
0;21131.0;4001;213;0.0;0.0;0.0;0.0;4003;213;0.0;0.0;0.0;0.0;4002.0;0.0
0;21132.0;4001;253;0.0;0.0;0.0;0.0;4003;253;0.0;0.0;0.0;0.0;4002.0;0.0
0;21133.0;4002;186;0.0;0.0;0.0;0.0;4003;86;4004.0;100.0;0.0;0.0;4002.5;0.0
0;21134.0;4002;179;0.0;0.0;0.0;0.0;4004;179;0.0;0.0;0.0;0.0;4003.0;0.0
0;21135.0;4002;72;4001.0;189.0;0.0;0.0;4003;261;0.0;0.0;0.0;0.0;4002.5;0.0
0;21136.0;4001;211;0.0;0.0;0.0;0.0;4003;211;0.0;0.0;0.0;0.0;4002.0;0.0
0;21137.0;4002;58;4001.0;176.0;0.0;0.0;4003;234;0.0;0.0;0.0;0.0;4002.5;0.0
0;21138.0;4002;260;0.0;0.0;0.0;0.0;4003;85;4004.0;175.0;0.0;0.0;4002.5;0.0
0;21139.0;4002;62;4001.0;138.0;0.0;0.0;4003;200;0.0;0.0;0.0;0.0;4002.5;0.0
0;21140.0;4002;162;0.0;0.0;0.0;0.0;4004;162;0.0;0.0;0.0;0.0;4003.0;0.0
0;21141.0;4002;229;0.0;0.0;0.0;0.0;4004;229;0.0;0.0;0.0;0.0;4003.0;0.0
0;21142.0;4003;74;4002.0;125.0;0.0;0.0;4004;203;0.0;0.0;0.0;0.0;4003.5;0.0
0;21143.0;4002;222;0.0;0.0;0.0;0.0;4004;222;0.0;0.0;0.0;0.0;4003.0;0.0
0;21144.0;4002;199;0.0;0.0;0.0;0.0;4004;199;0.0;0.0;0.0;0.0;4003.0;0.0
0;21145.0;4003;270;0.0;0.0;0.0;0.0;4004;270;0.0;0.0;0.0;0.0;4003.5;0.0
0;21146.0;4003;67;4002.0;168.0;0.0;0.0;4004;235;0.0;0.0;0.0;0.0;4003.5;0.0
0;21147.0;4002;204;0.0;0.0;0.0;0.0;4004;204;0.0;0.0;0.0;0.0;4003.0;0.0
0;21148.0;4003;194;0.0;0.0;0.0;0.0;4004;194;0.0;0.0;0.0;0.0;4003.5;0.0
0;21149.0;4003;257;0.0;0.0;0.0;0.0;4004;65;4005.0;192.0;0.0;0.0;4003.5;0.0
0;21150.0;4003;284;0.0;0.0;0.0;0.0;4004;284;0.0;0.0;0.0;0.0;4003.5;0.0
0;21151.0;4003;93;4002.0;144.0;0.0;0.0;4004;237;0.0;0.0;0.0;0.0;4003.5;0.0
0;21152.0;4003;269;0.0;0.0;0.0;0.0;4004;269;0.0;0.0;0.0;0.0;4003.5;0.0
0;21153.0;4002;161;0.0;0.0;0.0;0.0;4004;161;0.0;0.0;0.0;0.0;4003.0;0.0
0;21154.0;4003;184;0.0;0.0;0.0;0.0;4004;184;0.0;0.0;0.0;0.0;4003.5;0.0
0;21155.0;4003;263;0.0;0.0;0.0;0.0;4004;95;4005.0;168.0;0.0;0.0;4003.5;0.0
0;21156.0;4003;156;0.0;0.0;0.0;0.0;4005;156;0.0;0.0;0.0;0.0;4004.0;0.0
0;21157.0;4004;81;4003.0;193.0;0.0;0.0;4005;274;0.0;0.0;0.0;0.0;4004.5;0.0
0;21158.0;4005;67;4004.0;118.0;0.0;0.0;4006;185;0.0;0.0;0.0;0.0;4005.5;0.0
0;21159.0;4005;190;0.0;0.0;0.0;0.0;4006;181;0.0;0.0;0.0;0.0;4005.5;0.0
0;21160.0;4005;80;4004.0;100.0;0.0;0.0;4006;180;0.0;0.0;0.0;0.0;4005.5;0.0
0;21161.0;4005;162;0.0;0.0;0.0;0.0;4006;162;0.0;0.0;0.0;0.0;4005.5;0.0
0;21162.0;4005;258;0.0;0.0;0.0;0.0;4006;258;0.0;0.0;0.0;0.0;4005.5;0.0
0;21163.0;4004;200;0.0;0.0;0.0;0.0;4006;200;0.0;0.0;0.0;0.0;4005.0;0.0
0;21164.0;4004;201;0.0;0.0;0.0;0.0;4005;201;0.0;0.0;0.0;0.0;4004.5;0.0
0;21165.0;4003;172;0.0;0.0;0.0;0.0;4005;172;0.0;0.0;0.0;0.0;4004.0;0.0
0;21166.0;4003;256;0.0;0.0;0.0;0.0;4005;256;0.0;0.0;0.0;0.0;4004.0;0.0
0;21167.0;4003;170;0.0;0.0;0.0;0.0;4004;67;4005.0;103.0;0.0;0.0;4003.5;0.0
0;21168.0;4004;96;4003.0;101.0;0.0;0.0;4005;197;0.0;0.0;0.0;0.0;4004.5;0.0
0;21169.0;4003;184;0.0;0.0;0.0;0.0;4004;11;4005.0;184.0;0.0;0.0;4003.5;0.0
0;21170.0;4003;256;0.0;0.0;0.0;0.0;4005;256;0.0;0.0;0.0;0.0;4004.0;0.0
0;21171.0;4004;61;4003.0;153.0;0.0;0.0;4005;214;0.0;0.0;0.0;0.0;4004.5;0.0
0;21172.0;4004;250;0.0;0.0;0.0;0.0;4006;250;0.0;0.0;0.0;0.0;4005.0;0.0
0;21173.0;4004;213;0.0;0.0;0.0;0.0;4006;213;0.0;0.0;0.0;0.0;4005.0;0.0
0;21174.0;4004;244;0.0;0.0;0.0;0.0;4006;244;0.0;0.0;0.0;0.0;4005.0;0.0
0;21175.0;4005;97;4004.0;119.0;0.0;0.0;4006;216;0.0;0.0;0.0;0.0;4005.5;0.0
0;21176.0;4005;233;0.0;0.0;0.0;0.0;4006;233;0.0;0.0;0.0;0.0;4005.5;0.0
0;21177.0;4005;67;4004.0;198.0;0.0;0.0;4006;265;0.0;0.0;0.0;0.0;4005.5;0.0
0;21178.0;4004;277;0.0;0.0;0.0;0.0;4006;277;0.0;0.0;0.0;0.0;4005.0;0.0
0;21179.0;4004;216;0.0;0.0;0.0;0.0;4005;90;4006.0;126.0;0.0;0.0;4004.5;0.0
0;21180.0;4004;86;4003.0;126.0;0.0;0.0;4005;212;0.0;0.0;0.0;0.0;4004.5;0.0
0;21181.0;4004;174;0.0;0.0;0.0;0.0;4005;174;0.0;0.0;0.0;0.0;4004.5;0.0
0;21182.0;4004;221;0.0;0.0;0.0;0.0;4005;221;0.0;0.0;0.0;0.0;4004.5;0.0
0;21183.0;4004;58;4003.0;108.0;0.0;0.0;4005;166;0.0;0.0;0.0;0.0;4004.5;0.0
0;21184.0;4004;242;0.0;0.0;0.0;0.0;4005;74;4006.0;168.0;0.0;0.0;4004.5;0.0
0;21185.0;4004;197;0.0;0.0;0.0;0.0;4006;197;0.0;0.0;0.0;0.0;4005.0;0.0
0;21186.0;4005;70;4004.0;105.0;0.0;0.0;4006;175;0.0;0.0;0.0;0.0;4005.5;0.0
0;21187.0;4005;86;4004.0;101.0;0.0;0.0;4006;187;0.0;0.0;0.0;0.0;4005.5;0.0
0;21188.0;4005;256;0.0;0.0;0.0;0.0;4007;256;0.0;0.0;0.0;0.0;4006.0;0.0
0;21189.0;4005;195;0.0;0.0;0.0;0.0;4006;63;4007.0;132.0;0.0;0.0;4005.5;0.0
0;21190.0;4005;180;0.0;0.0;0.0;0.0;4007;173;0.0;0.0;0.0;0.0;4006.0;0.0
0;21191.0;4005;173;0.0;0.0;0.0;0.0;4006;56;4007.0;117.0;0.0;0.0;4005.5;0.0
0;21192.0;4005;266;0.0;0.0;0.0;0.0;4006;261;0.0;0.0;0.0;0.0;4005.5;0.0
0;21193.0;4005;204;0.0;0.0;0.0;0.0;4007;204;0.0;0.0;0.0;0.0;4006.0;0.0
0;21194.0;4005;241;0.0;0.0;0.0;0.0;4006;65;4007.0;176.0;0.0;0.0;4005.5;0.0
0;21195.0;4005;282;0.0;0.0;0.0;0.0;4006;282;0.0;0.0;0.0;0.0;4005.5;0.0
0;21196.0;4005;212;0.0;0.0;0.0;0.0;4006;212;0.0;0.0;0.0;0.0;4005.5;0.0
0;21197.0;4005;63;4004.0;120.0;0.0;0.0;4006;183;0.0;0.0;0.0;0.0;4005.5;0.0
0;21198.0;4005;195;0.0;0.0;0.0;0.0;4007;195;0.0;0.0;0.0;0.0;4006.0;0.0
0;21199.0;4005;237;0.0;0.0;0.0;0.0;4007;237;0.0;0.0;0.0;0.0;4006.0;0.0
0;21200.0;4005;203;0.0;0.0;0.0;0.0;4007;203;0.0;0.0;0.0;0.0;4006.0;0.0
0;21201.0;4005;236;0.0;0.0;0.0;0.0;4006;236;0.0;0.0;0.0;0.0;4005.5;0.0
0;21202.0;4004;189;0.0;0.0;0.0;0.0;4006;189;0.0;0.0;0.0;0.0;4005.0;0.0
0;21203.0;4004;165;0.0;0.0;0.0;0.0;4006;165;0.0;0.0;0.0;0.0;4005.0;0.0
0;21204.0;4003;177;0.0;0.0;0.0;0.0;4005;177;0.0;0.0;0.0;0.0;4004.0;0.0
0;21205.0;4003;214;0.0;0.0;0.0;0.0;4005;214;0.0;0.0;0.0;0.0;4004.0;0.0
0;21206.0;4003;152;0.0;0.0;0.0;0.0;4004;152;0.0;0.0;0.0;0.0;4003.5;0.0
0;21207.0;4003;229;0.0;0.0;0.0;0.0;4004;229;0.0;0.0;0.0;0.0;4003.5;0.0
0;21208.0;4003;165;0.0;0.0;0.0;0.0;4004;57;4005.0;108.0;0.0;0.0;4003.5;0.0
0;21209.0;4003;63;4002.0;146.0;0.0;0.0;4004;209;0.0;0.0;0.0;0.0;4003.5;0.0
0;21210.0;4002;231;0.0;0.0;0.0;0.0;4004;231;0.0;0.0;0.0;0.0;4003.0;0.0
0;21211.0;4001;229;0.0;0.0;0.0;0.0;4003;229;0.0;0.0;0.0;0.0;4002.0;0.0
0;21212.0;4001;281;0.0;0.0;0.0;0.0;4002;281;0.0;0.0;0.0;0.0;4001.5;0.0
0;21213.0;4001;157;0.0;0.0;0.0;0.0;4002;55;4003.0;102.0;0.0;0.0;4001.5;0.0
0;21214.0;4001;90;4000.0;100.0;0.0;0.0;4002;190;0.0;0.0;0.0;0.0;4001.5;0.0
0;21215.0;4001;87;4000.0;123.0;0.0;0.0;4002;210;0.0;0.0;0.0;0.0;4001.5;0.0
0;21216.0;4001;200;0.0;0.0;0.0;0.0;4002;82;4003.0;118.0;0.0;0.0;4001.5;0.0
0;21217.0;4001;215;0.0;0.0;0.0;0.0;4003;215;0.0;0.0;0.0;0.0;4002.0;0.0
0;21218.0;4001;180;0.0;0.0;0.0;0.0;4002;64;4003.0;116.0;0.0;0.0;4001.5;0.0
0;21219.0;4001;272;0.0;0.0;0.0;0.0;4002;97;4003.0;175.0;0.0;0.0;4001.5;0.0
0;21220.0;4001;199;0.0;0.0;0.0;0.0;4002;80;4003.0;119.0;0.0;0.0;4001.5;0.0
0;21221.0;4001;280;0.0;0.0;0.0;0.0;4003;280;0.0;0.0;0.0;0.0;4002.0;0.0
0;21222.0;4002;53;4001.0;189.0;0.0;0.0;4003;242;0.0;0.0;0.0;0.0;4002.5;0.0
0;21223.0;4001;224;0.0;0.0;0.0;0.0;4003;224;0.0;0.0;0.0;0.0;4002.0;0.0
0;21224.0;4001;176;0.0;0.0;0.0;0.0;4003;176;0.0;0.0;0.0;0.0;4002.0;0.0
0;21225.0;4001;55;4000.0;164.0;0.0;0.0;4002;219;0.0;0.0;0.0;0.0;4001.5;0.0
0;21226.0;4001;190;0.0;0.0;0.0;0.0;4002;87;4003.0;103.0;0.0;0.0;4001.5;0.0
0;21227.0;4001;242;0.0;0.0;0.0;0.0;4002;242;0.0;0.0;0.0;0.0;4001.5;0.0
0;21228.0;4001;223;0.0;0.0;0.0;0.0;4002;58;4003.0;165.0;0.0;0.0;4001.5;0.0
0;21229.0;4001;229;0.0;0.0;0.0;0.0;4003;229;0.0;0.0;0.0;0.0;4002.0;0.0
0;21230.0;4001;224;0.0;0.0;0.0;0.0;4003;224;0.0;0.0;0.0;0.0;4002.0;0.0
0;21231.0;4001;197;0.0;0.0;0.0;0.0;4003;197;0.0;0.0;0.0;0.0;4002.0;0.0
0;21232.0;4001;209;0.0;0.0;0.0;0.0;4002;209;0.0;0.0;0.0;0.0;4001.5;0.0
0;21233.0;4001;244;0.0;0.0;0.0;0.0;4002;98;4003.0;146.0;0.0;0.0;4001.5;0.0
0;21234.0;4001;205;0.0;0.0;0.0;0.0;4002;53;4003.0;152.0;0.0;0.0;4001.5;0.0
0;21235.0;4001;258;0.0;0.0;0.0;0.0;4002;258;0.0;0.0;0.0;0.0;4001.5;0.0
0;21236.0;4001;99;4000.0;140.0;0.0;0.0;4002;239;0.0;0.0;0.0;0.0;4001.5;0.0
0;21237.0;4001;54;4000.0;189.0;0.0;0.0;4002;243;0.0;0.0;0.0;0.0;4001.5;0.0
0;21238.0;4001;75;4000.0;151.0;0.0;0.0;4002;226;0.0;0.0;0.0;0.0;4001.5;0.0
0;21239.0;4000;168;0.0;0.0;0.0;0.0;4002;168;0.0;0.0;0.0;0.0;4001.0;0.0
0;21240.0;4000;196;0.0;0.0;0.0;0.0;4001;74;4002.0;122.0;0.0;0.0;4000.5;0.0
0;21241.0;4000;233;0.0;0.0;0.0;0.0;4001;233;0.0;0.0;0.0;0.0;4000.5;0.0
0;21242.0;4000;195;0.0;0.0;0.0;0.0;4001;91;4002.0;104.0;0.0;0.0;4000.5;0.0
0;21243.0;4000;228;0.0;0.0;0.0;0.0;4001;94;4002.0;134.0;0.0;0.0;4000.5;0.0
0;21244.0;4000;184;0.0;0.0;0.0;0.0;4001;184;0.0;0.0;0.0;0.0;4000.5;0.0
0;21245.0;4000;245;0.0;0.0;0.0;0.0;4002;245;0.0;0.0;0.0;0.0;4001.0;0.0
0;21246.0;4001;6;4000.0;177.0;0.0;0.0;4002;177;0.0;0.0;0.0;0.0;4001.5;0.0
0;21247.0;4001;268;0.0;0.0;0.0;0.0;4002;97;4003.0;171.0;0.0;0.0;4001.5;0.0
0;21248.0;4001;249;0.0;0.0;0.0;0.0;4002;249;0.0;0.0;0.0;0.0;4001.5;0.0
0;21249.0;4001;63;4000.0;175.0;0.0;0.0;4002;238;0.0;0.0;0.0;0.0;4001.5;0.0
0;21250.0;4000;171;0.0;0.0;0.0;0.0;4002;171;0.0;0.0;0.0;0.0;4001.0;0.0
0;21251.0;4000;239;0.0;0.0;0.0;0.0;4001;100;4002.0;139.0;0.0;0.0;4000.5;0.0
0;21252.0;4000;193;0.0;0.0;0.0;0.0;4002;193;0.0;0.0;0.0;0.0;4001.0;0.0
0;21253.0;4000;96;3999.0;144.0;0.0;0.0;4001;240;0.0;0.0;0.0;0.0;4000.5;0.0
0;21254.0;3999;240;0.0;0.0;0.0;0.0;4001;240;0.0;0.0;0.0;0.0;4000.0;0.0
0;21255.0;3999;68;3998.0;155.0;0.0;0.0;4000;223;0.0;0.0;0.0;0.0;3999.5;0.0
0;21256.0;3998;299;0.0;0.0;0.0;0.0;4000;299;0.0;0.0;0.0;0.0;3999.0;0.0
0;21257.0;3998;173;0.0;0.0;0.0;0.0;3999;173;0.0;0.0;0.0;0.0;3998.5;0.0
0;21258.0;3997;176;0.0;0.0;0.0;0.0;3999;176;0.0;0.0;0.0;0.0;3998.0;0.0
0;21259.0;3998;204;0.0;0.0;0.0;0.0;4000;204;0.0;0.0;0.0;0.0;3999.0;0.0
0;21260.0;3998;200;0.0;0.0;0.0;0.0;3999;57;4000.0;154.0;0.0;0.0;3998.5;0.0
0;21261.0;3998;236;0.0;0.0;0.0;0.0;3999;60;4000.0;176.0;0.0;0.0;3998.5;0.0
0;21262.0;3998;224;0.0;0.0;0.0;0.0;3999;65;4000.0;159.0;0.0;0.0;3998.5;0.0
0;21263.0;3998;249;0.0;0.0;0.0;0.0;4000;255;0.0;0.0;0.0;0.0;3999.0;0.0
0;21264.0;3998;222;0.0;0.0;0.0;0.0;4000;222;0.0;0.0;0.0;0.0;3999.0;0.0
0;21265.0;3998;259;0.0;0.0;0.0;0.0;4000;259;0.0;0.0;0.0;0.0;3999.0;0.0
0;21266.0;3998;243;0.0;0.0;0.0;0.0;4000;243;0.0;0.0;0.0;0.0;3999.0;0.0
0;21267.0;3998;249;0.0;0.0;0.0;0.0;3999;52;4000.0;197.0;0.0;0.0;3998.5;0.0
0;21268.0;3998;239;0.0;0.0;0.0;0.0;4000;239;0.0;0.0;0.0;0.0;3999.0;0.0
0;21269.0;3998;272;0.0;0.0;0.0;0.0;3999;272;0.0;0.0;0.0;0.0;3998.5;0.0
0;21270.0;3998;297;0.0;0.0;0.0;0.0;3999;289;0.0;0.0;0.0;0.0;3998.5;0.0
0;21271.0;3998;54;3997.0;188.0;0.0;0.0;3999;242;0.0;0.0;0.0;0.0;3998.5;0.0
0;21272.0;3997;273;0.0;0.0;0.0;0.0;3999;273;0.0;0.0;0.0;0.0;3998.0;0.0
0;21273.0;3997;257;0.0;0.0;0.0;0.0;3999;257;0.0;0.0;0.0;0.0;3998.0;0.0
0;21274.0;3997;215;0.0;0.0;0.0;0.0;3999;215;0.0;0.0;0.0;0.0;3998.0;0.0
0;21275.0;3997;204;0.0;0.0;0.0;0.0;3999;204;0.0;0.0;0.0;0.0;3998.0;0.0
0;21276.0;3997;285;0.0;0.0;0.0;0.0;3999;285;0.0;0.0;0.0;0.0;3998.0;0.0
0;21277.0;3998;224;0.0;0.0;0.0;0.0;3999;224;0.0;0.0;0.0;0.0;3998.5;0.0
0;21278.0;3998;180;0.0;0.0;0.0;0.0;3999;180;0.0;0.0;0.0;0.0;3998.5;0.0
0;21279.0;3998;95;3997.0;107.0;0.0;0.0;3999;202;0.0;0.0;0.0;0.0;3998.5;0.0
0;21280.0;3998;67;3997.0;175.0;0.0;0.0;3999;242;0.0;0.0;0.0;0.0;3998.5;0.0
0;21281.0;3997;258;0.0;0.0;0.0;0.0;3999;258;0.0;0.0;0.0;0.0;3998.0;0.0
0;21282.0;3997;248;0.0;0.0;0.0;0.0;3998;71;3999.0;177.0;0.0;0.0;3997.5;0.0
0;21283.0;3997;220;0.0;0.0;0.0;0.0;3998;51;3999.0;169.0;0.0;0.0;3997.5;0.0
0;21284.0;3997;178;0.0;0.0;0.0;0.0;3999;178;0.0;0.0;0.0;0.0;3998.0;0.0
0;21285.0;3997;82;3996.0;176.0;0.0;0.0;3998;258;0.0;0.0;0.0;0.0;3997.5;0.0
0;21286.0;3997;93;3996.0;170.0;0.0;0.0;3998;263;0.0;0.0;0.0;0.0;3997.5;0.0
0;21287.0;3996;169;0.0;0.0;0.0;0.0;3998;169;0.0;0.0;0.0;0.0;3997.0;0.0
0;21288.0;3997;238;0.0;0.0;0.0;0.0;3998;93;3999.0;145.0;0.0;0.0;3997.5;0.0
0;21289.0;3997;242;0.0;0.0;0.0;0.0;3998;81;3999.0;161.0;0.0;0.0;3997.5;0.0
0;21290.0;3997;215;0.0;0.0;0.0;0.0;3999;215;0.0;0.0;0.0;0.0;3998.0;0.0
0;21291.0;3998;157;0.0;0.0;0.0;0.0;3999;50;4000.0;107.0;0.0;0.0;3998.5;0.0
0;21292.0;3998;240;0.0;0.0;0.0;0.0;3999;247;0.0;0.0;0.0;0.0;3998.5;0.0
0;21293.0;3997;208;0.0;0.0;0.0;0.0;3999;208;0.0;0.0;0.0;0.0;3998.0;0.0
0;21294.0;3997;232;0.0;0.0;0.0;0.0;3999;232;0.0;0.0;0.0;0.0;3998.0;0.0
0;21295.0;3998;231;0.0;0.0;0.0;0.0;3999;231;0.0;0.0;0.0;0.0;3998.5;0.0
0;21296.0;3998;83;3997.0;136.0;0.0;0.0;3999;219;0.0;0.0;0.0;0.0;3998.5;0.0
0;21297.0;3998;86;3997.0;172.0;0.0;0.0;3999;258;0.0;0.0;0.0;0.0;3998.5;0.0
0;21298.0;3998;79;3997.0;140.0;0.0;0.0;3999;219;0.0;0.0;0.0;0.0;3998.5;0.0
0;21299.0;3998;237;0.0;0.0;0.0;0.0;3999;51;4000.0;186.0;0.0;0.0;3998.5;0.0
0;21300.0;3998;172;0.0;0.0;0.0;0.0;4000;172;0.0;0.0;0.0;0.0;3999.0;0.0
0;21301.0;3999;202;0.0;0.0;0.0;0.0;4000;202;0.0;0.0;0.0;0.0;3999.5;0.0
0;21302.0;3999;259;0.0;0.0;0.0;0.0;4001;259;0.0;0.0;0.0;0.0;4000.0;0.0
0;21303.0;3999;272;0.0;0.0;0.0;0.0;4001;272;0.0;0.0;0.0;0.0;4000.0;0.0
0;21304.0;3999;219;0.0;0.0;0.0;0.0;4000;90;4001.0;129.0;0.0;0.0;3999.5;0.0
0;21305.0;3999;99;3998.0;142.0;0.0;0.0;4000;241;0.0;0.0;0.0;0.0;3999.5;0.0
0;21306.0;3999;241;0.0;0.0;0.0;0.0;4000;241;0.0;0.0;0.0;0.0;3999.5;0.0
0;21307.0;3999;180;0.0;0.0;0.0;0.0;4000;70;4001.0;110.0;0.0;0.0;3999.5;0.0
0;21308.0;3999;79;3998.0;114.0;0.0;0.0;4000;193;0.0;0.0;0.0;0.0;3999.5;0.0
0;21309.0;3998;161;0.0;0.0;0.0;0.0;4000;161;0.0;0.0;0.0;0.0;3999.0;0.0
0;21310.0;3998;239;0.0;0.0;0.0;0.0;4000;239;0.0;0.0;0.0;0.0;3999.0;0.0
0;21311.0;3997;200;0.0;0.0;0.0;0.0;3999;200;0.0;0.0;0.0;0.0;3998.0;0.0
0;21312.0;3997;248;0.0;0.0;0.0;0.0;3998;248;0.0;0.0;0.0;0.0;3997.5;0.0
0;21313.0;3997;76;3996.0;161.0;0.0;0.0;3998;237;0.0;0.0;0.0;0.0;3997.5;0.0
0;21314.0;3997;269;0.0;0.0;0.0;0.0;3998;81;3999.0;188.0;0.0;0.0;3997.5;0.0
0;21315.0;3997;227;0.0;0.0;0.0;0.0;3999;227;0.0;0.0;0.0;0.0;3998.0;0.0
0;21316.0;3997;241;0.0;0.0;0.0;0.0;3998;96;3999.0;145.0;0.0;0.0;3997.5;0.0
0;21317.0;3997;192;0.0;0.0;0.0;0.0;3998;192;0.0;0.0;0.0;0.0;3997.5;0.0
0;21318.0;3996;266;0.0;0.0;0.0;0.0;3998;266;0.0;0.0;0.0;0.0;3997.0;0.0
0;21319.0;3997;158;0.0;0.0;0.0;0.0;3998;161;0.0;0.0;0.0;0.0;3997.5;0.0
0;21320.0;3997;266;0.0;0.0;0.0;0.0;3998;266;0.0;0.0;0.0;0.0;3997.5;0.0
0;21321.0;3997;213;0.0;0.0;0.0;0.0;3998;54;3999.0;171.0;0.0;0.0;3997.5;0.0
0;21322.0;3997;65;3996.0;101.0;0.0;0.0;3998;166;0.0;0.0;0.0;0.0;3997.5;0.0
0;21323.0;3996;235;0.0;0.0;0.0;0.0;3998;235;0.0;0.0;0.0;0.0;3997.0;0.0
0;21324.0;3997;168;0.0;0.0;0.0;0.0;3998;55;3999.0;113.0;0.0;0.0;3997.5;0.0
0;21325.0;3998;57;3997.0;128.0;0.0;0.0;3999;185;0.0;0.0;0.0;0.0;3998.5;0.0
0;21326.0;3998;202;0.0;0.0;0.0;0.0;3999;202;0.0;0.0;0.0;0.0;3998.5;0.0
0;21327.0;3998;223;0.0;0.0;0.0;0.0;4000;223;0.0;0.0;0.0;0.0;3999.0;0.0
0;21328.0;3998;185;0.0;0.0;0.0;0.0;4000;185;0.0;0.0;0.0;0.0;3999.0;0.0
0;21329.0;3998;210;0.0;0.0;0.0;0.0;4000;210;0.0;0.0;0.0;0.0;3999.0;0.0
0;21330.0;3998;164;0.0;0.0;0.0;0.0;4000;164;0.0;0.0;0.0;0.0;3999.0;0.0
0;21331.0;3999;213;0.0;0.0;0.0;0.0;4000;204;0.0;0.0;0.0;0.0;3999.5;0.0
0;21332.0;3999;247;0.0;0.0;0.0;0.0;4001;247;0.0;0.0;0.0;0.0;4000.0;0.0
0;21333.0;3999;254;0.0;0.0;0.0;0.0;4000;80;4001.0;174.0;0.0;0.0;3999.5;0.0
0;21334.0;3999;249;0.0;0.0;0.0;0.0;4001;249;0.0;0.0;0.0;0.0;4000.0;0.0
0;21335.0;4000;91;3999.0;166.0;0.0;0.0;4001;260;0.0;0.0;0.0;0.0;4000.5;0.0
0;21336.0;3999;169;0.0;0.0;0.0;0.0;4001;165;0.0;0.0;0.0;0.0;4000.0;0.0
0;21337.0;3999;184;0.0;0.0;0.0;0.0;4001;184;0.0;0.0;0.0;0.0;4000.0;0.0
0;21338.0;3999;185;0.0;0.0;0.0;0.0;4001;185;0.0;0.0;0.0;0.0;4000.0;0.0
0;21339.0;4000;5;3999.0;273.0;0.0;0.0;4001;273;0.0;0.0;0.0;0.0;4000.5;0.0
0;21340.0;4000;222;0.0;0.0;0.0;0.0;4001;222;0.0;0.0;0.0;0.0;4000.5;0.0
0;21341.0;3999;187;0.0;0.0;0.0;0.0;4001;187;0.0;0.0;0.0;0.0;4000.0;0.0
0;21342.0;4000;221;0.0;0.0;0.0;0.0;4001;221;0.0;0.0;0.0;0.0;4000.5;0.0
0;21343.0;4000;277;0.0;0.0;0.0;0.0;4001;88;4002.0;189.0;0.0;0.0;4000.5;0.0
0;21344.0;4000;246;0.0;0.0;0.0;0.0;4001;86;4002.0;160.0;0.0;0.0;4000.5;0.0
0;21345.0;4000;191;0.0;0.0;0.0;0.0;4002;191;0.0;0.0;0.0;0.0;4001.0;0.0
0;21346.0;3999;250;0.0;0.0;0.0;0.0;4001;250;0.0;0.0;0.0;0.0;4000.0;0.0
0;21347.0;3999;190;0.0;0.0;0.0;0.0;4001;190;0.0;0.0;0.0;0.0;4000.0;0.0
0;21348.0;3999;219;0.0;0.0;0.0;0.0;4001;219;0.0;0.0;0.0;0.0;4000.0;0.0
0;21349.0;3999;271;0.0;0.0;0.0;0.0;4001;271;0.0;0.0;0.0;0.0;4000.0;0.0
0;21350.0;3999;237;0.0;0.0;0.0;0.0;4001;237;0.0;0.0;0.0;0.0;4000.0;0.0
0;21351.0;3999;237;0.0;0.0;0.0;0.0;4001;237;0.0;0.0;0.0;0.0;4000.0;0.0
0;21352.0;3999;257;0.0;0.0;0.0;0.0;4001;257;0.0;0.0;0.0;0.0;4000.0;0.0
0;21353.0;3999;217;0.0;0.0;0.0;0.0;4001;217;0.0;0.0;0.0;0.0;4000.0;0.0
0;21354.0;3999;249;0.0;0.0;0.0;0.0;4000;249;0.0;0.0;0.0;0.0;3999.5;0.0
0;21355.0;3999;231;0.0;0.0;0.0;0.0;4000;63;4001.0;168.0;0.0;0.0;3999.5;0.0
0;21356.0;3999;213;0.0;0.0;0.0;0.0;4001;213;0.0;0.0;0.0;0.0;4000.0;0.0
0;21357.0;4000;88;3999.0;164.0;0.0;0.0;4001;252;0.0;0.0;0.0;0.0;4000.5;0.0
0;21358.0;4000;191;0.0;0.0;0.0;0.0;4002;191;0.0;0.0;0.0;0.0;4001.0;0.0
0;21359.0;4001;235;0.0;0.0;0.0;0.0;4003;235;0.0;0.0;0.0;0.0;4002.0;0.0
0;21360.0;4001;189;0.0;0.0;0.0;0.0;4002;189;0.0;0.0;0.0;0.0;4001.5;0.0
0;21361.0;4001;224;0.0;0.0;0.0;0.0;4002;224;0.0;0.0;0.0;0.0;4001.5;0.0
0;21362.0;4000;164;0.0;0.0;0.0;0.0;4002;164;0.0;0.0;0.0;0.0;4001.0;0.0
0;21363.0;4000;217;0.0;0.0;0.0;0.0;4002;217;0.0;0.0;0.0;0.0;4001.0;0.0
0;21364.0;4001;46;4000.0;180.0;0.0;0.0;4002;230;0.0;0.0;0.0;0.0;4001.5;0.0
0;21365.0;4001;224;0.0;0.0;0.0;0.0;4003;224;0.0;0.0;0.0;0.0;4002.0;0.0
0;21366.0;4001;84;4000.0;149.0;0.0;0.0;4002;233;0.0;0.0;0.0;0.0;4001.5;0.0
0;21367.0;4001;183;0.0;0.0;0.0;0.0;4003;183;0.0;0.0;0.0;0.0;4002.0;0.0
0;21368.0;4002;247;0.0;0.0;0.0;0.0;4003;247;0.0;0.0;0.0;0.0;4002.5;0.0
0;21369.0;4002;179;0.0;0.0;0.0;0.0;4003;62;4004.0;117.0;0.0;0.0;4002.5;0.0
0;21370.0;4002;246;0.0;0.0;0.0;0.0;4003;246;0.0;0.0;0.0;0.0;4002.5;0.0
0;21371.0;4002;211;0.0;0.0;0.0;0.0;4004;211;0.0;0.0;0.0;0.0;4003.0;0.0
0;21372.0;4001;285;0.0;0.0;0.0;0.0;4003;285;0.0;0.0;0.0;0.0;4002.0;0.0
0;21373.0;4001;235;0.0;0.0;0.0;0.0;4003;235;0.0;0.0;0.0;0.0;4002.0;0.0
