day;timestamp;buyer;seller;symbol;currency;price;quantity
1;800;Valentina;Valentina;COCONUT_COUPON;SEASHELLS;636.0;5
1;900;Valentina;Vinnie;COCONUT_COUPON;SEASHELLS;634.0;17
1;1100;Valentina;Ruby;COCONUT_COUPON;SEASHELLS;635.0;17
1;1900;Valentina;Vinnie;COCONUT_COUPON;SEASHELLS;635.0;16
1;2000;Valentina;Vinnie;COCONUT_COUPON;SEASHELLS;637.0;14
1;3000;Valentina;Valentina;COCONUT_COUPON;SEASHELLS;631.0;6
1;3900;Vinnie;Vinnie;COCONUT_COUPON;SEASHELLS;635.0;2
1;3900;Vladimir;Vinnie;COCONUT_COUPON;SEASHELLS;635.0;10
1;4200;Ruby;Valentina;COCONUT_COUPON;SEASHELLS;635.0;20
1;4300;Valentina;Vinnie;COCONUT_COUPON;SEASHELLS;635.0;16
1;4300;Vladimir;Vinnie;COCONUT_COUPON;SEASHELLS;635.0;2
1;4900;Valentina;Ruby;COCONUT_COUPON;SEASHELLS;636.0;12
1;5200;Vinnie;Vinnie;COCONUT;SEASHELLS;9997.0;8
1;6500;Valentina;Rhianna;COCONUT_COUPON;SEASHELLS;642.0;9
1;6800;Valentina;Vinnie;COCONUT_COUPON;SEASHELLS;643.0;11
1;7900;Valentina;Ruby;COCONUT_COUPON;SEASHELLS;635.0;18
1;8900;Valentina;Vinnie;COCONUT_COUPON;SEASHELLS;639.0;15
1;8900;Vladimir;Vinnie;COCONUT_COUPON;SEASHELLS;639.0;5
1;9300;Raj;Vinnie;COCONUT;SEASHELLS;10005.0;6
1;10500;Valentina;Ruby;COCONUT_COUPON;SEASHELLS;635.0;16
1;10500;Vladimir;Ruby;COCONUT_COUPON;SEASHELLS;635.0;4
1;10900;Vinnie;Vinnie;COCONUT;SEASHELLS;10007.0;10
1;12500;Vinnie;Raj;COCONUT;SEASHELLS;10003.0;10
1;14500;Valentina;Rhianna;COCONUT_COUPON;SEASHELLS;641.0;11
1;14600;Valentina;Valentina;COCONUT_COUPON;SEASHELLS;641.0;6
1;14600;Valentina;Vinnie;COCONUT_COUPON;SEASHELLS;641.0;11
1;14900;Vinnie;Vinnie;COCONUT;SEASHELLS;10004.0;10
1;15300;Valentina;Vinnie;COCONUT_COUPON;SEASHELLS;641.0;14
1;15500;Ruby;Valentina;COCONUT_COUPON;SEASHELLS;639.0;16
1;15500;Ruby;Vladimir;COCONUT_COUPON;SEASHELLS;639.0;4
1;16000;Vinnie;Vinnie;COCONUT;SEASHELLS;10001.0;8
1;16200;Vinnie;Vinnie;COCONUT;SEASHELLS;10000.0;10
1;16400;Valentina;Ruby;COCONUT_COUPON;SEASHELLS;635.0;11
1;16600;Valentina;Valentina;COCONUT_COUPON;SEASHELLS;633.0;9
1;17100;Vinnie;Vinnie;COCONUT;SEASHELLS;10000.0;10
1;18400;Ruby;Valentina;COCONUT_COUPON;SEASHELLS;638.0;14
1;20100;Vinnie;Vinnie;COCONUT;SEASHELLS;9990.0;5
1;20100;Vinnie;Raj;COCONUT;SEASHELLS;9990.0;10
1;20700;Valentina;Valentina;COCONUT_COUPON;SEASHELLS;631.0;6
1;20800;Vinnie;Raj;COCONUT;SEASHELLS;9993.0;10
1;22900;Valentina;Valentina;COCONUT_COUPON;SEASHELLS;627.0;7
1;23600;Vinnie;Vinnie;COCONUT;SEASHELLS;9988.0;7
1;23800;Vinnie;Vinnie;COCONUT;SEASHELLS;9988.0;5
1;24900;Vinnie;Vinnie;COCONUT;SEASHELLS;9990.0;6
1;25400;Vinnie;Vinnie;COCONUT;SEASHELLS;9991.0;10
1;25700;Vinnie;Vinnie;COCONUT;SEASHELLS;9993.0;9
1;26500;Rhianna;Vinnie;COCONUT;SEASHELLS;9996.0;3
1;26600;Valentina;Vinnie;COCONUT_COUPON;SEASHELLS;625.0;17
1;26600;Vladimir;Valentina;COCONUT_COUPON;SEASHELLS;625.0;10
1;26800;Valentina;Vinnie;COCONUT_COUPON;SEASHELLS;623.0;20
1;29400;Valentina;Vinnie;COCONUT_COUPON;SEASHELLS;624.0;20
1;30200;Vinnie;Vinnie;COCONUT;SEASHELLS;9994.0;7
1;30500;Vinnie;Vinnie;COCONUT;SEASHELLS;9993.0;9
1;31000;Valentina;Vinnie;COCONUT_COUPON;SEASHELLS;628.0;19
1;31300;Vinnie;Vinnie;COCONUT;SEASHELLS;9993.0;7
1;31800;Ruby;Valentina;COCONUT_COUPON;SEASHELLS;637.0;11
1;32400;Vinnie;Vinnie;COCONUT;SEASHELLS;9993.0;5
1;33000;Vinnie;Rhianna;COCONUT;SEASHELLS;9994.0;1
1;33100;Valentina;Vinnie;COCONUT_COUPON;SEASHELLS;637.0;15
1;33200;Vinnie;Vinnie;COCONUT;SEASHELLS;9994.0;10
1;34200;Ruby;Valentina;COCONUT_COUPON;SEASHELLS;630.0;20
1;35400;Valentina;Vinnie;COCONUT_COUPON;SEASHELLS;635.0;15
1;36000;Ruby;Valentina;COCONUT_COUPON;SEASHELLS;634.0;10
1;36200;Valentina;Rhianna;COCONUT_COUPON;SEASHELLS;634.0;5
1;36900;Valentina;Ruby;COCONUT_COUPON;SEASHELLS;634.0;15
1;37300;Valentina;Vinnie;COCONUT_COUPON;SEASHELLS;632.0;20
1;38800;Valentina;Vinnie;COCONUT_COUPON;SEASHELLS;638.0;11
1;39100;Valentina;Vinnie;COCONUT_COUPON;SEASHELLS;637.0;12
1;39700;Valentina;Valentina;COCONUT_COUPON;SEASHELLS;643.0;10
1;40800;Valentina;Vinnie;COCONUT_COUPON;SEASHELLS;636.0;16
1;41200;Vinnie;Vinnie;COCONUT;SEASHELLS;9981.0;9
1;41500;Ruby;Valentina;COCONUT_COUPON;SEASHELLS;638.0;16
1;41600;Vinnie;Vinnie;COCONUT;SEASHELLS;9978.0;10
1;42400;Vinnie;Vinnie;COCONUT;SEASHELLS;9979.0;8
1;42700;Vinnie;Vinnie;COCONUT;SEASHELLS;9978.0;5
1;42900;Vinnie;Vinnie;COCONUT;SEASHELLS;9975.0;5
1;43100;Raj;Vinnie;COCONUT;SEASHELLS;9974.0;8
1;43300;Vinnie;Vinnie;COCONUT;SEASHELLS;9975.0;9
1;43500;Valentina;Vinnie;COCONUT_COUPON;SEASHELLS;627.0;12
1;44000;Valentina;Valentina;COCONUT_COUPON;SEASHELLS;629.0;5
1;44600;Valentina;Vinnie;COCONUT_COUPON;SEASHELLS;627.0;13
1;44600;Ruby;Valentina;COCONUT_COUPON;SEASHELLS;628.0;19
1;45700;Valentina;Vinnie;COCONUT_COUPON;SEASHELLS;620.0;20
1;46300;Vinnie;Vinnie;COCONUT;SEASHELLS;9970.0;5
1;46400;Vinnie;Raj;COCONUT;SEASHELLS;9969.0;8
1;46600;Valentina;Vinnie;COCONUT_COUPON;SEASHELLS;616.0;16
1;47300;Ruby;Valentina;COCONUT_COUPON;SEASHELLS;615.0;14
1;47800;Ruby;Valentina;COCONUT_COUPON;SEASHELLS;614.0;13
1;47900;Ruby;Valentina;COCONUT_COUPON;SEASHELLS;614.0;16
1;48100;Ruby;Valentina;COCONUT_COUPON;SEASHELLS;615.0;10
1;48100;Raj;Vinnie;COCONUT;SEASHELLS;9969.0;8
1;48600;Vinnie;Vinnie;COCONUT;SEASHELLS;9964.0;5
1;49600;Valentina;Vinnie;COCONUT_COUPON;SEASHELLS;613.0;20
1;49900;Valentina;Ruby;COCONUT_COUPON;SEASHELLS;618.0;12
1;50600;Valentina;Vinnie;COCONUT_COUPON;SEASHELLS;616.0;13
1;51100;Valentina;Rhianna;COCONUT_COUPON;SEASHELLS;619.0;14
1;51300;Rhianna;Vinnie;COCONUT;SEASHELLS;9969.0;3
1;52200;Vinnie;Vinnie;COCONUT;SEASHELLS;9970.0;8
1;52500;Vinnie;Vinnie;COCONUT_COUPON;SEASHELLS;621.0;2
1;52800;Vinnie;Rhianna;COCONUT;SEASHELLS;9972.0;3
1;54100;Vinnie;Raj;COCONUT;SEASHELLS;9975.0;6
1;54200;Rhianna;Valentina;COCONUT_COUPON;SEASHELLS;622.0;4
1;54400;Valentina;Vinnie;COCONUT_COUPON;SEASHELLS;621.0;11
1;54400;Ruby;Valentina;COCONUT_COUPON;SEASHELLS;622.0;10
1;55300;Valentina;Vinnie;COCONUT_COUPON;SEASHELLS;625.0;15
1;55300;Vladimir;Vinnie;COCONUT_COUPON;SEASHELLS;625.0;1
1;55400;Vinnie;Rhianna;COCONUT;SEASHELLS;9974.0;3
1;56100;Ruby;Valentina;COCONUT_COUPON;SEASHELLS;628.0;11
1;56200;Vinnie;Vinnie;COCONUT;SEASHELLS;9973.0;9
1;56600;Ruby;Valentina;COCONUT_COUPON;SEASHELLS;626.0;13
1;57400;Valentina;Valentina;COCONUT_COUPON;SEASHELLS;622.0;6
1;57500;Valentina;Vinnie;COCONUT_COUPON;SEASHELLS;622.0;14
1;58000;Rhianna;Vinnie;COCONUT;SEASHELLS;9966.0;2
1;58800;Vinnie;Raj;COCONUT;SEASHELLS;9962.0;5
1;59000;Valentina;Vinnie;COCONUT_COUPON;SEASHELLS;617.0;17
1;59300;Vinnie;Vinnie;COCONUT;SEASHELLS;9960.0;5
1;59600;Valentina;Valentina;COCONUT_COUPON;SEASHELLS;616.0;9
1;60900;Vladimir;Ruby;COCONUT_COUPON;SEASHELLS;615.0;12
1;61100;Vinnie;Vinnie;COCONUT;SEASHELLS;9956.0;9
1;61600;Vinnie;Rhianna;COCONUT;SEASHELLS;9952.0;3
1;61900;Valentina;Vinnie;COCONUT_COUPON;SEASHELLS;610.0;14
1;62600;Valentina;Vinnie;COCONUT_COUPON;SEASHELLS;605.0;18
1;62900;Valentina;Vinnie;COCONUT_COUPON;SEASHELLS;606.0;15
1;63000;Valentina;Ruby;COCONUT_COUPON;SEASHELLS;604.0;11
1;63200;Ruby;Valentina;COCONUT_COUPON;SEASHELLS;606.0;17
1;64100;Rhianna;Vinnie;COCONUT;SEASHELLS;9947.0;3
1;65500;Vinnie;Vinnie;COCONUT;SEASHELLS;9943.0;5
1;65800;Vinnie;Vinnie;COCONUT;SEASHELLS;9945.0;7
1;66500;Ruby;Valentina;COCONUT_COUPON;SEASHELLS;605.0;18
1;66900;Vinnie;Vinnie;COCONUT;SEASHELLS;9943.0;7
1;67300;Valentina;Vinnie;COCONUT_COUPON;SEASHELLS;609.0;11
1;69100;Vinnie;Vinnie;COCONUT;SEASHELLS;9954.0;10
1;69900;Vinnie;Vinnie;COCONUT;SEASHELLS;9953.0;8
1;70300;Raj;Vinnie;COCONUT;SEASHELLS;9952.0;7
1;70400;Valentina;Valentina;COCONUT_COUPON;SEASHELLS;614.0;8
1;71400;Vinnie;Vinnie;COCONUT;SEASHELLS;9955.0;6
1;71500;Valentina;Valentina;COCONUT_COUPON;SEASHELLS;615.0;7
1;71800;Vinnie;Vinnie;COCONUT;SEASHELLS;9956.0;8
1;72000;Valentina;Vinnie;COCONUT_COUPON;SEASHELLS;613.0;17
1;73100;Vinnie;Vinnie;COCONUT;SEASHELLS;9955.0;9
1;73300;Valentina;Vinnie;COCONUT_COUPON;SEASHELLS;611.0;10
1;73700;Ruby;Valentina;COCONUT_COUPON;SEASHELLS;613.0;15
1;74100;Rhianna;Vinnie;COCONUT;SEASHELLS;9960.0;3
1;74800;Ruby;Valentina;COCONUT_COUPON;SEASHELLS;614.0;14
1;74800;Valentina;Rhianna;COCONUT_COUPON;SEASHELLS;613.0;14
1;75000;Vinnie;Vinnie;COCONUT;SEASHELLS;9963.0;7
1;75500;Ruby;Valentina;COCONUT_COUPON;SEASHELLS;611.0;16
1;75500;Ruby;Vladimir;COCONUT_COUPON;SEASHELLS;611.0;2
1;75600;Valentina;Rhianna;COCONUT_COUPON;SEASHELLS;609.0;9
1;76400;Ruby;Valentina;COCONUT_COUPON;SEASHELLS;607.0;16
1;77200;Vinnie;Vinnie;COCONUT;SEASHELLS;9958.0;8
1;77600;Valentina;Vinnie;COCONUT_COUPON;SEASHELLS;603.0;17
1;77700;Vinnie;Vinnie;COCONUT;SEASHELLS;9954.0;6
1;77900;Valentina;Ruby;COCONUT_COUPON;SEASHELLS;602.0;11
1;78100;Ruby;Vladimir;COCONUT_COUPON;SEASHELLS;601.0;1
1;78100;Ruby;Valentina;COCONUT_COUPON;SEASHELLS;601.0;18
1;78400;Vinnie;Raj;COCONUT;SEASHELLS;9956.0;5
1;78500;Valentina;Vinnie;COCONUT_COUPON;SEASHELLS;598.0;13
1;78800;Valentina;Valentina;COCONUT_COUPON;SEASHELLS;597.0;6
1;79300;Vinnie;Vinnie;COCONUT;SEASHELLS;9953.0;7
1;79400;Valentina;Vinnie;COCONUT_COUPON;SEASHELLS;598.0;13
1;82900;Vinnie;Vinnie;COCONUT;SEASHELLS;9961.0;5
1;83200;Valentina;Vinnie;COCONUT_COUPON;SEASHELLS;605.0;17
1;83300;Vladimir;Vinnie;COCONUT_COUPON;SEASHELLS;607.0;12
1;85500;Vinnie;Vinnie;COCONUT;SEASHELLS;9952.0;9
1;86500;Vinnie;Vinnie;COCONUT;SEASHELLS;9950.0;6
1;87300;Valentina;Vinnie;COCONUT_COUPON;SEASHELLS;599.0;11
1;88300;Valentina;Valentina;COCONUT_COUPON;SEASHELLS;594.0;8
1;88500;Valentina;Vinnie;COCONUT_COUPON;SEASHELLS;593.0;20
1;88500;Vinnie;Vinnie;COCONUT;SEASHELLS;9949.0;9
1;88600;Valentina;Valentina;COCONUT_COUPON;SEASHELLS;594.0;7
1;89200;Valentina;Vinnie;COCONUT_COUPON;SEASHELLS;589.0;16
1;89300;Vinnie;Vinnie;COCONUT;SEASHELLS;9941.0;5
1;90300;Vinnie;Vinnie;COCONUT;SEASHELLS;9943.0;9
1;91600;Valentina;Ruby;COCONUT_COUPON;SEASHELLS;586.0;13
1;92200;Valentina;Rhianna;COCONUT_COUPON;SEASHELLS;591.0;8
1;94500;Valentina;Vinnie;COCONUT_COUPON;SEASHELLS;587.0;11
1;94600;Valentina;Vinnie;COCONUT_COUPON;SEASHELLS;587.0;16
1;95900;Valentina;Ruby;COCONUT_COUPON;SEASHELLS;586.0;12
1;96300;Ruby;Valentina;COCONUT_COUPON;SEASHELLS;589.0;11
1;96300;Valentina;Vinnie;COCONUT_COUPON;SEASHELLS;588.0;12
1;96500;Vinnie;Vinnie;COCONUT;SEASHELLS;9951.0;5
1;96600;Ruby;Valentina;COCONUT_COUPON;SEASHELLS;593.0;18
1;97000;Valentina;Vinnie;COCONUT_COUPON;SEASHELLS;592.0;17
1;97100;Raj;Vinnie;COCONUT;SEASHELLS;9952.0;7
1;97300;Vinnie;Vinnie;COCONUT;SEASHELLS;9950.0;7
1;97700;Valentina;Ruby;COCONUT_COUPON;SEASHELLS;590.0;18
1;97900;Valentina;Vinnie;COCONUT_COUPON;SEASHELLS;587.0;14
1;99600;Valentina;Vinnie;COCONUT_COUPON;SEASHELLS;594.0;13
1;99700;Valentina;Vinnie;COCONUT_COUPON;SEASHELLS;592.0;20
1;101300;Valentina;Vinnie;COCONUT_COUPON;SEASHELLS;600.0;14
1;101500;Vladimir;Ruby;COCONUT_COUPON;SEASHELLS;602.0;14
1;101500;Valentina;Rhianna;COCONUT_COUPON;SEASHELLS;602.0;10
1;101500;Valentina;Ruby;COCONUT_COUPON;SEASHELLS;602.0;5
1;102400;Valentina;Vinnie;COCONUT_COUPON;SEASHELLS;601.0;15
1;102400;Vladimir;Vinnie;COCONUT_COUPON;SEASHELLS;601.0;5
1;102400;Raj;Vinnie;COCONUT;SEASHELLS;9958.0;8
1;102800;Vinnie;Vinnie;COCONUT;SEASHELLS;9955.0;6
1;103200;Vinnie;Vinnie;COCONUT;SEASHELLS;9957.0;5
1;103400;Valentina;Vinnie;COCONUT_COUPON;SEASHELLS;603.0;11
1;103500;Vinnie;Vinnie;COCONUT;SEASHELLS;9956.0;5
1;103600;Valentina;Vinnie;COCONUT_COUPON;SEASHELLS;601.0;13
1;105000;Ruby;Valentina;COCONUT_COUPON;SEASHELLS;612.0;15
1;106000;Vinnie;Vinnie;COCONUT;SEASHELLS;9953.0;9
1;106100;Vinnie;Vinnie;COCONUT;SEASHELLS;9953.0;8
1;107200;Vinnie;Vinnie;COCONUT;SEASHELLS;9951.0;8
1;107500;Raj;Vinnie;COCONUT;SEASHELLS;9952.0;6
1;108500;Vinnie;Raj;COCONUT;SEASHELLS;9948.0;5
1;108500;Valentina;Ruby;COCONUT_COUPON;SEASHELLS;607.0;11
1;108900;Valentina;Vinnie;COCONUT_COUPON;SEASHELLS;609.0;18
1;109200;Valentina;Rhianna;COCONUT_COUPON;SEASHELLS;611.0;13
1;112500;Valentina;Vinnie;COCONUT_COUPON;SEASHELLS;619.0;16
1;112800;Vinnie;Vinnie;COCONUT;SEASHELLS;9966.0;9
1;113500;Valentina;Vinnie;COCONUT_COUPON;SEASHELLS;619.0;14
1;113700;Ruby;Valentina;COCONUT_COUPON;SEASHELLS;617.0;10
1;114200;Vinnie;Vinnie;COCONUT;SEASHELLS;9958.0;9
1;114800;Valentina;Ruby;COCONUT_COUPON;SEASHELLS;610.0;13
1;116700;Valentina;Ruby;COCONUT_COUPON;SEASHELLS;612.0;14
1;117000;Vinnie;Vinnie;COCONUT;SEASHELLS;9950.0;10
1;117700;Valentina;Vinnie;COCONUT_COUPON;SEASHELLS;613.0;13
1;118100;Vinnie;Vinnie;COCONUT;SEASHELLS;9948.0;5
1;118600;Vinnie;Rhianna;COCONUT;SEASHELLS;9949.0;3
1;118900;Vinnie;Vinnie;COCONUT;SEASHELLS;9950.0;6
1;121900;Valentina;Vinnie;COCONUT_COUPON;SEASHELLS;617.0;12
1;122700;Valentina;Vinnie;COCONUT_COUPON;SEASHELLS;613.0;17
1;123200;Valentina;Vinnie;COCONUT_COUPON;SEASHELLS;613.0;17
1;124800;Ruby;Valentina;COCONUT_COUPON;SEASHELLS;622.0;20
1;124800;Valentina;Vinnie;COCONUT_COUPON;SEASHELLS;621.0;11
1;125200;Vinnie;Vinnie;COCONUT;SEASHELLS;9956.0;8
1;125600;Vinnie;Vinnie;COCONUT;SEASHELLS;9955.0;9
1;125600;Rhianna;Vinnie;COCONUT;SEASHELLS;9956.0;3
1;126100;Valentina;Rhianna;COCONUT_COUPON;SEASHELLS;620.0;10
1;127100;Raj;Vinnie;COCONUT;SEASHELLS;9958.0;6
1;128300;Vinnie;Vinnie;COCONUT;SEASHELLS;9958.0;8
1;128500;Vinnie;Raj;COCONUT;SEASHELLS;9956.0;8
1;130400;Valentina;Vinnie;COCONUT_COUPON;SEASHELLS;622.0;20
1;131200;Vinnie;Vinnie;COCONUT;SEASHELLS;9956.0;5
1;132300;Valentina;Valentina;COCONUT_COUPON;SEASHELLS;617.0;8
1;133500;Valentina;Rhianna;COCONUT_COUPON;SEASHELLS;618.0;7
1;134100;Vinnie;Vinnie;COCONUT;SEASHELLS;9962.0;5
1;135100;Valentina;Ruby;COCONUT_COUPON;SEASHELLS;620.0;13
1;135100;Valentina;Rhianna;COCONUT_COUPON;SEASHELLS;620.0;6
1;135700;Valentina;Vinnie;COCONUT_COUPON;SEASHELLS;621.0;10
1;136000;Vinnie;Raj;COCONUT;SEASHELLS;9970.0;9
1;136100;Valentina;Vinnie;COCONUT_COUPON;SEASHELLS;623.0;10
1;137800;Ruby;Valentina;COCONUT_COUPON;SEASHELLS;615.0;16
1;139700;Valentina;Ruby;COCONUT_COUPON;SEASHELLS;615.0;12
1;139900;Valentina;Rhianna;COCONUT_COUPON;SEASHELLS;616.0;7
1;140500;Vinnie;Vinnie;COCONUT;SEASHELLS;9961.0;7
1;140900;Vinnie;Vinnie;COCONUT;SEASHELLS;9963.0;8
1;141200;Valentina;Ruby;COCONUT_COUPON;SEASHELLS;615.0;17
1;142500;Raj;Vinnie;COCONUT;SEASHELLS;9962.0;10
1;143500;Raj;Vinnie;COCONUT;SEASHELLS;9960.0;9
1;143600;Valentina;Rhianna;COCONUT_COUPON;SEASHELLS;613.0;6
1;144300;Valentina;Vinnie;COCONUT_COUPON;SEASHELLS;613.0;10
1;145400;Valentina;Vinnie;COCONUT_COUPON;SEASHELLS;611.0;17
1;145400;Vladimir;Vinnie;COCONUT_COUPON;SEASHELLS;611.0;2
1;146900;Vinnie;Vinnie;COCONUT;SEASHELLS;9959.0;9
1;147500;Vinnie;Raj;COCONUT;SEASHELLS;9959.0;8
1;148900;Vinnie;Vinnie;COCONUT;SEASHELLS;9958.0;10
1;149800;Vinnie;Vinnie;COCONUT;SEASHELLS;9957.0;10
1;150500;Vinnie;Rhianna;COCONUT;SEASHELLS;9958.0;1
1;151400;Valentina;Rhianna;COCONUT_COUPON;SEASHELLS;613.0;11
1;152600;Valentina;Vinnie;COCONUT_COUPON;SEASHELLS;608.0;10
1;153600;Ruby;Valentina;COCONUT_COUPON;SEASHELLS;608.0;13
1;153700;Valentina;Vinnie;COCONUT_COUPON;SEASHELLS;608.0;18
1;153800;Valentina;Vinnie;COCONUT_COUPON;SEASHELLS;609.0;19
1;154100;Vinnie;Rhianna;COCONUT;SEASHELLS;9963.0;3
1;154200;Vinnie;Raj;COCONUT;SEASHELLS;9964.0;8
1;156100;Rhianna;Vinnie;COCONUT;SEASHELLS;9968.0;1
1;156900;Valentina;Valentina;COCONUT_COUPON;SEASHELLS;607.0;5
1;157900;Vinnie;Vinnie;COCONUT;SEASHELLS;9973.0;5
1;158300;Valentina;Vinnie;COCONUT_COUPON;SEASHELLS;605.0;15
1;158500;Valentina;Vinnie;COCONUT_COUPON;SEASHELLS;603.0;15
1;159900;Ruby;Valentina;COCONUT_COUPON;SEASHELLS;601.0;10
1;159900;Vinnie;Vinnie;COCONUT;SEASHELLS;9971.0;8
1;160600;Vinnie;Vinnie;COCONUT_COUPON;SEASHELLS;602.0;2
1;160600;Vladimir;Vinnie;COCONUT_COUPON;SEASHELLS;602.0;15
1;160600;Vladimir;Vinnie;COCONUT_COUPON;SEASHELLS;602.0;3
1;162300;Vinnie;Ruby;COCONUT_COUPON;SEASHELLS;601.0;2
1;162300;Valentina;Ruby;COCONUT_COUPON;SEASHELLS;601.0;5
1;162300;Valentina;Vinnie;COCONUT_COUPON;SEASHELLS;601.0;12
1;162300;Vladimir;Ruby;COCONUT_COUPON;SEASHELLS;601.0;12
1;162400;Valentina;Vinnie;COCONUT_COUPON;SEASHELLS;603.0;17
1;162900;Vinnie;Vinnie;COCONUT;SEASHELLS;9973.0;7
1;163500;Ruby;Valentina;COCONUT_COUPON;SEASHELLS;605.0;16
1;165500;Vladimir;Vinnie;COCONUT_COUPON;SEASHELLS;604.0;2
1;165500;Valentina;Vinnie;COCONUT_COUPON;SEASHELLS;604.0;17
1;165600;Valentina;Valentina;COCONUT_COUPON;SEASHELLS;605.0;4
1;165700;Vinnie;Vinnie;COCONUT;SEASHELLS;9979.0;5
1;165800;Valentina;Vinnie;COCONUT_COUPON;SEASHELLS;605.0;19
1;166500;Valentina;Vinnie;COCONUT_COUPON;SEASHELLS;603.0;12
1;166600;Vinnie;Vinnie;COCONUT;SEASHELLS;9977.0;7
1;166800;Ruby;Valentina;COCONUT_COUPON;SEASHELLS;600.0;15
1;166800;Valentina;Vinnie;COCONUT_COUPON;SEASHELLS;599.0;12
1;167500;Valentina;Vinnie;COCONUT_COUPON;SEASHELLS;597.0;13
1;168200;Vinnie;Vinnie;COCONUT;SEASHELLS;9973.0;9
1;170900;Valentina;Vinnie;COCONUT_COUPON;SEASHELLS;595.0;10
1;171000;Valentina;Vinnie;COCONUT_COUPON;SEASHELLS;593.0;12
1;171100;Vinnie;Raj;COCONUT;SEASHELLS;9972.0;9
1;171500;Valentina;Vinnie;COCONUT_COUPON;SEASHELLS;593.0;15
1;172500;Vinnie;Vinnie;COCONUT;SEASHELLS;9975.0;9
1;172700;Valentina;Vinnie;COCONUT_COUPON;SEASHELLS;591.0;19
1;172900;Ruby;Valentina;COCONUT_COUPON;SEASHELLS;596.0;20
1;173800;Valentina;Ruby;COCONUT_COUPON;SEASHELLS;596.0;10
1;173900;Vinnie;Rhianna;COCONUT;SEASHELLS;9978.0;1
1;174700;Ruby;Valentina;COCONUT_COUPON;SEASHELLS;600.0;11
1;174800;Valentina;Valentina;COCONUT_COUPON;SEASHELLS;599.0;8
1;174900;Vladimir;Ruby;COCONUT_COUPON;SEASHELLS;600.0;10
1;174900;Valentina;Ruby;COCONUT_COUPON;SEASHELLS;600.0;8
1;174900;Valentina;Vinnie;COCONUT_COUPON;SEASHELLS;600.0;12
1;175000;Vinnie;Vinnie;COCONUT;SEASHELLS;9978.0;5
1;175000;Valentina;Vinnie;COCONUT_COUPON;SEASHELLS;598.0;15
1;175700;Raj;Vinnie;COCONUT;SEASHELLS;9980.0;8
1;176400;Valentina;Valentina;COCONUT_COUPON;SEASHELLS;596.0;9
1;176900;Rhianna;Vinnie;COCONUT;SEASHELLS;9975.0;2
1;177700;Rhianna;Vinnie;COCONUT;SEASHELLS;9975.0;2
1;178400;Vinnie;Raj;COCONUT;SEASHELLS;9975.0;10
1;179100;Valentina;Vinnie;COCONUT_COUPON;SEASHELLS;596.0;17
1;179100;Vladimir;Vinnie;COCONUT_COUPON;SEASHELLS;596.0;3
1;179400;Rhianna;Vinnie;COCONUT;SEASHELLS;9976.0;3
1;179800;Vinnie;Raj;COCONUT;SEASHELLS;9974.0;5
1;181400;Valentina;Vinnie;COCONUT_COUPON;SEASHELLS;599.0;15
1;181600;Valentina;Vinnie;COCONUT_COUPON;SEASHELLS;596.0;14
1;182100;Valentina;Vinnie;COCONUT_COUPON;SEASHELLS;597.0;12
1;182200;Vinnie;Vinnie;COCONUT;SEASHELLS;9971.0;10
1;182600;Valentina;Vinnie;COCONUT_COUPON;SEASHELLS;599.0;16
1;182700;Vinnie;Vinnie;COCONUT;SEASHELLS;9970.0;5
1;183600;Vinnie;Vinnie;COCONUT;SEASHELLS;9975.0;9
1;183700;Vinnie;Vinnie;COCONUT;SEASHELLS;9976.0;9
1;183700;Vinnie;Raj;COCONUT;SEASHELLS;9976.0;8
1;184700;Vinnie;Vinnie;COCONUT;SEASHELLS;9974.0;10
1;184900;Valentina;Ruby;COCONUT_COUPON;SEASHELLS;604.0;12
1;185100;Valentina;Vinnie;COCONUT_COUPON;SEASHELLS;603.0;19
1;185200;Valentina;Vinnie;COCONUT_COUPON;SEASHELLS;605.0;10
1;185500;Valentina;Valentina;COCONUT_COUPON;SEASHELLS;604.0;6
1;185500;Vinnie;Vinnie;COCONUT;SEASHELLS;9971.0;7
1;185600;Valentina;Rhianna;COCONUT_COUPON;SEASHELLS;604.0;14
1;188300;Vinnie;Rhianna;COCONUT;SEASHELLS;9976.0;2
1;188400;Valentina;Vinnie;COCONUT_COUPON;SEASHELLS;598.0;12
1;188800;Vinnie;Vinnie;COCONUT;SEASHELLS;9978.0;5
1;189500;Valentina;Rhianna;COCONUT_COUPON;SEASHELLS;596.0;13
1;189800;Vinnie;Vinnie;COCONUT;SEASHELLS;9975.0;6
1;190300;Ruby;Valentina;COCONUT_COUPON;SEASHELLS;594.0;19
1;190700;Valentina;Valentina;COCONUT_COUPON;SEASHELLS;595.0;6
1;192000;Valentina;Valentina;COCONUT_COUPON;SEASHELLS;600.0;4
1;193200;Valentina;Rhianna;COCONUT_COUPON;SEASHELLS;607.0;13
1;193300;Valentina;Vinnie;COCONUT_COUPON;SEASHELLS;609.0;18
1;194000;Valentina;Rhianna;COCONUT_COUPON;SEASHELLS;610.0;12
1;194100;Valentina;Vinnie;COCONUT_COUPON;SEASHELLS;611.0;11
1;195100;Vinnie;Vinnie;COCONUT;SEASHELLS;9978.0;9
1;197000;Rhianna;Vinnie;COCONUT;SEASHELLS;9974.0;2
1;197600;Vinnie;Vinnie;COCONUT;SEASHELLS;9973.0;6
1;198600;Vinnie;Vinnie;COCONUT;SEASHELLS;9976.0;5
1;200700;Valentina;Vinnie;COCONUT_COUPON;SEASHELLS;616.0;15
1;201500;Valentina;Vinnie;COCONUT_COUPON;SEASHELLS;615.0;10
1;204000;Vinnie;Vinnie;COCONUT;SEASHELLS;9975.0;5
1;205100;Vladimir;Ruby;COCONUT_COUPON;SEASHELLS;611.0;2
1;205100;Valentina;Ruby;COCONUT_COUPON;SEASHELLS;611.0;18
1;205500;Valentina;Valentina;COCONUT_COUPON;SEASHELLS;610.0;8
1;207300;Vinnie;Rhianna;COCONUT;SEASHELLS;9970.0;2
1;207700;Valentina;Vinnie;COCONUT_COUPON;SEASHELLS;599.0;13
1;207800;Valentina;Ruby;COCONUT_COUPON;SEASHELLS;600.0;14
1;207800;Valentina;Rhianna;COCONUT_COUPON;SEASHELLS;600.0;6
1;208300;Ruby;Valentina;COCONUT_COUPON;SEASHELLS;597.0;17
1;208600;Ruby;Valentina;COCONUT_COUPON;SEASHELLS;598.0;16
1;209100;Valentina;Rhianna;COCONUT_COUPON;SEASHELLS;593.0;8
1;209200;Vinnie;Vinnie;COCONUT;SEASHELLS;9965.0;6
1;210100;Ruby;Valentina;COCONUT_COUPON;SEASHELLS;592.0;20
1;210600;Valentina;Vinnie;COCONUT_COUPON;SEASHELLS;590.0;13
1;211200;Vinnie;Raj;COCONUT;SEASHELLS;9967.0;8
1;212100;Vinnie;Vinnie;COCONUT;SEASHELLS;9966.0;9
1;212200;Valentina;Ruby;COCONUT_COUPON;SEASHELLS;592.0;10
1;212300;Vinnie;Vinnie;COCONUT;SEASHELLS;9966.0;5
1;212800;Valentina;Rhianna;COCONUT_COUPON;SEASHELLS;589.0;15
1;214100;Valentina;Valentina;COCONUT_COUPON;SEASHELLS;589.0;6
1;214300;Valentina;Vinnie;COCONUT_COUPON;SEASHELLS;591.0;18
1;214700;Raj;Vinnie;COCONUT;SEASHELLS;9964.0;10
1;214800;Valentina;Vinnie;COCONUT_COUPON;SEASHELLS;592.0;16
1;214900;Valentina;Valentina;COCONUT_COUPON;SEASHELLS;593.0;8
1;216100;Valentina;Vinnie;COCONUT_COUPON;SEASHELLS;596.0;19
1;216200;Valentina;Vinnie;COCONUT_COUPON;SEASHELLS;596.0;17
1;216200;Vladimir;Vinnie;COCONUT_COUPON;SEASHELLS;596.0;2
1;216900;Vladimir;Vinnie;COCONUT_COUPON;SEASHELLS;600.0;2
1;216900;Valentina;Vinnie;COCONUT_COUPON;SEASHELLS;600.0;18
1;218300;Raj;Vinnie;COCONUT;SEASHELLS;9968.0;7
1;218800;Vinnie;Vinnie;COCONUT;SEASHELLS;9966.0;5
1;220600;Valentina;Valentina;COCONUT_COUPON;SEASHELLS;608.0;9
1;221100;Vinnie;Vinnie;COCONUT;SEASHELLS;9960.0;9
1;221200;Vinnie;Vinnie;COCONUT;SEASHELLS;9960.0;5
1;221300;Vinnie;Vinnie;COCONUT;SEASHELLS;9961.0;5
1;221900;Valentina;Ruby;COCONUT_COUPON;SEASHELLS;608.0;11
1;222600;Vinnie;Vinnie;COCONUT;SEASHELLS;9962.0;9
1;223300;Valentina;Valentina;COCONUT_COUPON;SEASHELLS;617.0;4
1;224100;Vladimir;Vinnie;COCONUT_COUPON;SEASHELLS;614.0;5
1;224100;Valentina;Vinnie;COCONUT_COUPON;SEASHELLS;614.0;15
1;224400;Valentina;Vinnie;COCONUT_COUPON;SEASHELLS;616.0;20
1;225100;Valentina;Vinnie;COCONUT_COUPON;SEASHELLS;613.0;12
1;226700;Vinnie;Vinnie;COCONUT;SEASHELLS;9957.0;5
1;226800;Valentina;Vinnie;COCONUT_COUPON;SEASHELLS;610.0;11
1;228000;Valentina;Rhianna;COCONUT_COUPON;SEASHELLS;612.0;8
1;228900;Valentina;Ruby;COCONUT_COUPON;SEASHELLS;613.0;15
1;229000;Valentina;Vinnie;COCONUT_COUPON;SEASHELLS;613.0;13
1;229400;Vinnie;Vinnie;COCONUT;SEASHELLS;9961.0;10
1;231300;Valentina;Vinnie;COCONUT_COUPON;SEASHELLS;624.0;10
1;231900;Valentina;Rhianna;COCONUT_COUPON;SEASHELLS;623.0;13
1;232000;Valentina;Vinnie;COCONUT_COUPON;SEASHELLS;623.0;14
1;232700;Raj;Vinnie;COCONUT;SEASHELLS;9959.0;7
1;232900;Rhianna;Vinnie;COCONUT;SEASHELLS;9958.0;2
1;234100;Valentina;Vinnie;COCONUT_COUPON;SEASHELLS;627.0;16
1;234600;Valentina;Vinnie;COCONUT_COUPON;SEASHELLS;619.0;10
1;234600;Vinnie;Vinnie;COCONUT;SEASHELLS;9957.0;8
1;234700;Valentina;Vinnie;COCONUT_COUPON;SEASHELLS;620.0;12
1;235000;Ruby;Valentina;COCONUT_COUPON;SEASHELLS;626.0;14
1;235100;Valentina;Vinnie;COCONUT_COUPON;SEASHELLS;625.0;10
1;235300;Valentina;Vinnie;COCONUT_COUPON;SEASHELLS;624.0;10
1;235400;Vinnie;Vinnie;COCONUT;SEASHELLS;9961.0;5
1;236600;Valentina;Vinnie;COCONUT_COUPON;SEASHELLS;629.0;14
1;236800;Valentina;Rhianna;COCONUT_COUPON;SEASHELLS;629.0;5
1;237200;Valentina;Vinnie;COCONUT_COUPON;SEASHELLS;628.0;13
1;238400;Valentina;Vinnie;COCONUT_COUPON;SEASHELLS;637.0;11
1;238800;Valentina;Valentina;COCONUT_COUPON;SEASHELLS;637.0;6
1;238800;Valentina;Vinnie;COCONUT_COUPON;SEASHELLS;636.0;13
1;238900;Valentina;Rhianna;COCONUT_COUPON;SEASHELLS;637.0;8
1;239900;Valentina;Vinnie;COCONUT_COUPON;SEASHELLS;638.0;10
1;242800;Valentina;Rhianna;COCONUT_COUPON;SEASHELLS;641.0;13
1;243100;Vinnie;Vinnie;COCONUT;SEASHELLS;9957.0;10
1;243200;Valentina;Vinnie;COCONUT_COUPON;SEASHELLS;638.0;11
1;243300;Valentina;Vinnie;COCONUT_COUPON;SEASHELLS;635.0;16
1;244700;Valentina;Ruby;COCONUT_COUPON;SEASHELLS;634.0;18
1;246700;Valentina;Ruby;COCONUT_COUPON;SEASHELLS;635.0;17
1;246700;Vladimir;Ruby;COCONUT_COUPON;SEASHELLS;635.0;2
1;246800;Valentina;Rhianna;COCONUT_COUPON;SEASHELLS;634.0;5
1;246900;Vinnie;Vinnie;COCONUT;SEASHELLS;9955.0;7
1;247500;Rhianna;Vinnie;COCONUT;SEASHELLS;9952.0;1
1;248300;Valentina;Rhianna;COCONUT_COUPON;SEASHELLS;627.0;8
1;249100;Vinnie;Vinnie;COCONUT;SEASHELLS;9951.0;9
1;249200;Vinnie;Vinnie;COCONUT;SEASHELLS;9950.0;7
1;249500;Valentina;Vinnie;COCONUT_COUPON;SEASHELLS;627.0;14
1;250000;Raj;Vinnie;COCONUT;SEASHELLS;9951.0;10
1;250300;Vinnie;Raj;COCONUT;SEASHELLS;9951.0;9
1;250400;Valentina;Vinnie;COCONUT_COUPON;SEASHELLS;624.0;13
1;250900;Valentina;Vinnie;COCONUT_COUPON;SEASHELLS;626.0;18
1;251300;Vladimir;Vinnie;COCONUT_COUPON;SEASHELLS;629.0;2
1;251300;Valentina;Vinnie;COCONUT_COUPON;SEASHELLS;629.0;15
1;251400;Vinnie;Vinnie;COCONUT;SEASHELLS;9955.0;7
1;253300;Vinnie;Raj;COCONUT;SEASHELLS;9955.0;5
1;254200;Ruby;Valentina;COCONUT_COUPON;SEASHELLS;633.0;15
1;254500;Vinnie;Vinnie;COCONUT;SEASHELLS;9955.0;10
1;254900;Vinnie;Vinnie;COCONUT;SEASHELLS;9956.0;5
1;254900;Ruby;Valentina;COCONUT_COUPON;SEASHELLS;631.0;14
1;255300;Vinnie;Vinnie;COCONUT;SEASHELLS;9956.0;9
1;256200;Vladimir;Ruby;COCONUT_COUPON;SEASHELLS;629.0;4
1;256200;Valentina;Ruby;COCONUT_COUPON;SEASHELLS;629.0;16
1;256800;Vinnie;Raj;COCONUT;SEASHELLS;9958.0;8
1;256800;Valentina;Vinnie;COCONUT_COUPON;SEASHELLS;631.0;11
1;257500;Ruby;Valentina;COCONUT_COUPON;SEASHELLS;629.0;15
1;257600;Valentina;Vinnie;COCONUT_COUPON;SEASHELLS;627.0;16
1;257700;Vinnie;Vinnie;COCONUT;SEASHELLS;9959.0;8
1;258700;Rhianna;Vinnie;COCONUT;SEASHELLS;9963.0;3
1;258800;Valentina;Valentina;COCONUT_COUPON;SEASHELLS;632.0;4
1;258900;Rhianna;Vinnie;COCONUT;SEASHELLS;9963.0;1
1;260900;Vinnie;Vinnie;COCONUT;SEASHELLS;9971.0;8
1;263300;Valentina;Vinnie;COCONUT_COUPON;SEASHELLS;645.0;19
1;263700;Valentina;Vinnie;COCONUT_COUPON;SEASHELLS;646.0;15
1;264400;Valentina;Vinnie;COCONUT_COUPON;SEASHELLS;647.0;12
1;264500;Valentina;Ruby;COCONUT_COUPON;SEASHELLS;647.0;10
1;264700;Raj;Vinnie;COCONUT;SEASHELLS;9966.0;6
1;265500;Valentina;Vinnie;COCONUT_COUPON;SEASHELLS;646.0;12
1;266100;Valentina;Vinnie;COCONUT_COUPON;SEASHELLS;644.0;13
1;266200;Vinnie;Vinnie;COCONUT;SEASHELLS;9963.0;5
1;266900;Rhianna;Vinnie;COCONUT;SEASHELLS;9969.0;3
1;267200;Raj;Vinnie;COCONUT;SEASHELLS;9970.0;10
1;268200;Ruby;Valentina;COCONUT_COUPON;SEASHELLS;652.0;15
1;268400;Valentina;Ruby;COCONUT_COUPON;SEASHELLS;653.0;10
1;269000;Valentina;Vinnie;COCONUT_COUPON;SEASHELLS;652.0;10
1;269100;Valentina;Ruby;COCONUT_COUPON;SEASHELLS;651.0;10
1;269500;Valentina;Vinnie;COCONUT_COUPON;SEASHELLS;651.0;15
1;269500;Vinnie;Rhianna;COCONUT;SEASHELLS;9977.0;2
1;270000;Vinnie;Vinnie;COCONUT;SEASHELLS;9975.0;6
1;270200;Vinnie;Vinnie;COCONUT;SEASHELLS;9975.0;6
1;270500;Vinnie;Vinnie;COCONUT;SEASHELLS;9973.0;8
1;271000;Vladimir;Ruby;COCONUT_COUPON;SEASHELLS;653.0;14
1;271600;Valentina;Ruby;COCONUT_COUPON;SEASHELLS;647.0;13
1;272800;Valentina;Valentina;COCONUT_COUPON;SEASHELLS;644.0;6
1;274200;Valentina;Vinnie;COCONUT_COUPON;SEASHELLS;651.0;12
1;274700;Vinnie;Vinnie;COCONUT;SEASHELLS;9981.0;6
1;274800;Ruby;Valentina;COCONUT_COUPON;SEASHELLS;649.0;17
1;275000;Vinnie;Rhianna;COCONUT;SEASHELLS;9980.0;1
1;275000;Valentina;Vinnie;COCONUT_COUPON;SEASHELLS;645.0;16
1;276000;Valentina;Vinnie;COCONUT_COUPON;SEASHELLS;650.0;13
1;276900;Ruby;Valentina;COCONUT_COUPON;SEASHELLS;644.0;13
1;277000;Valentina;Vinnie;COCONUT_COUPON;SEASHELLS;644.0;13
1;277100;Valentina;Vinnie;COCONUT_COUPON;SEASHELLS;643.0;13
1;278100;Valentina;Vinnie;COCONUT_COUPON;SEASHELLS;640.0;18
1;278500;Ruby;Valentina;COCONUT_COUPON;SEASHELLS;642.0;15
1;279700;Ruby;Valentina;COCONUT_COUPON;SEASHELLS;645.0;20
1;280500;Vinnie;Vinnie;COCONUT;SEASHELLS;9991.0;6
1;282500;Valentina;Valentina;COCONUT_COUPON;SEASHELLS;647.0;6
1;283000;Vinnie;Rhianna;COCONUT;SEASHELLS;9989.0;3
1;284800;Valentina;Rhianna;COCONUT_COUPON;SEASHELLS;648.0;11
1;285000;Vinnie;Vinnie;COCONUT;SEASHELLS;9991.0;8
1;285700;Valentina;Ruby;COCONUT_COUPON;SEASHELLS;650.0;14
1;285900;Valentina;Rhianna;COCONUT_COUPON;SEASHELLS;648.0;10
1;286000;Valentina;Vinnie;COCONUT_COUPON;SEASHELLS;648.0;14
1;286600;Valentina;Ruby;COCONUT_COUPON;SEASHELLS;651.0;13
1;287700;Vinnie;Vinnie;COCONUT;SEASHELLS;10001.0;10
1;287700;Valentina;Ruby;COCONUT_COUPON;SEASHELLS;652.0;17
1;288000;Valentina;Valentina;COCONUT_COUPON;SEASHELLS;654.0;4
1;289700;Vinnie;Vinnie;COCONUT;SEASHELLS;10009.0;6
1;291400;Valentina;Vinnie;COCONUT_COUPON;SEASHELLS;657.0;10
1;291600;Valentina;Vinnie;COCONUT_COUPON;SEASHELLS;654.0;20
1;292400;Valentina;Rhianna;COCONUT_COUPON;SEASHELLS;657.0;7
1;293700;Valentina;Vinnie;COCONUT_COUPON;SEASHELLS;660.0;15
1;294100;Valentina;Rhianna;COCONUT_COUPON;SEASHELLS;664.0;6
1;295600;Valentina;Valentina;COCONUT_COUPON;SEASHELLS;663.0;9
1;296800;Valentina;Valentina;COCONUT_COUPON;SEASHELLS;669.0;7
1;296900;Valentina;Rhianna;COCONUT_COUPON;SEASHELLS;670.0;11
1;297200;Ruby;Vinnie;COCONUT_COUPON;SEASHELLS;670.0;2
1;298100;Valentina;Vinnie;COCONUT_COUPON;SEASHELLS;669.0;20
1;298700;Vinnie;Vinnie;COCONUT;SEASHELLS;10027.0;9
1;298900;Valentina;Vinnie;COCONUT_COUPON;SEASHELLS;670.0;15
1;299000;Rhianna;Vladimir;COCONUT_COUPON;SEASHELLS;668.0;5
1;299000;Valentina;Valentina;COCONUT_COUPON;SEASHELLS;667.0;9
1;299900;Valentina;Valentina;COCONUT_COUPON;SEASHELLS;669.0;6
1;300800;Raj;Vinnie;COCONUT;SEASHELLS;10028.0;9
1;302100;Vinnie;Vinnie;COCONUT;SEASHELLS;10028.0;5
1;302600;Raj;Vinnie;COCONUT;SEASHELLS;10033.0;6
1;302700;Vinnie;Vinnie;COCONUT;SEASHELLS;10033.0;7
1;302700;Ruby;Valentina;COCONUT_COUPON;SEASHELLS;671.0;11
1;302800;Valentina;Ruby;COCONUT_COUPON;SEASHELLS;670.0;12
1;302900;Vinnie;Vinnie;COCONUT;SEASHELLS;10033.0;10
1;303600;Valentina;Vinnie;COCONUT_COUPON;SEASHELLS;671.0;18
1;304500;Raj;Vinnie;COCONUT;SEASHELLS;10029.0;7
1;304600;Valentina;Vinnie;COCONUT_COUPON;SEASHELLS;672.0;14
1;305500;Valentina;Vinnie;COCONUT_COUPON;SEASHELLS;672.0;11
1;306000;Valentina;Vinnie;COCONUT_COUPON;SEASHELLS;674.0;10
1;308200;Valentina;Vinnie;COCONUT_COUPON;SEASHELLS;662.0;19
1;308600;Valentina;Ruby;COCONUT_COUPON;SEASHELLS;664.0;14
1;309200;Vinnie;Vinnie;COCONUT;SEASHELLS;10027.0;10
1;309300;Raj;Vinnie;COCONUT;SEASHELLS;10029.0;7
1;309500;Vinnie;Vinnie;COCONUT;SEASHELLS;10027.0;8
1;310600;Valentina;Vinnie;COCONUT_COUPON;SEASHELLS;661.0;13
1;311000;Vinnie;Rhianna;COCONUT;SEASHELLS;10024.0;1
1;311000;Vinnie;Vinnie;COCONUT;SEASHELLS;10024.0;6
1;311100;Vinnie;Raj;COCONUT;SEASHELLS;10023.0;8
1;311300;Valentina;Vinnie;COCONUT_COUPON;SEASHELLS;658.0;12
1;313000;Raj;Vinnie;COCONUT;SEASHELLS;10024.0;7
1;314100;Vinnie;Vinnie;COCONUT;SEASHELLS;10022.0;8
1;314200;Valentina;Vinnie;COCONUT_COUPON;SEASHELLS;659.0;11
1;315000;Valentina;Vinnie;COCONUT_COUPON;SEASHELLS;660.0;5
1;315900;Vinnie;Vinnie;COCONUT;SEASHELLS;10020.0;6
1;316900;Vinnie;Vinnie;COCONUT;SEASHELLS;10023.0;6
1;319000;Valentina;Vinnie;COCONUT_COUPON;SEASHELLS;664.0;10
1;319300;Vinnie;Raj;COCONUT;SEASHELLS;10018.0;8
1;319400;Ruby;Vladimir;COCONUT_COUPON;SEASHELLS;666.0;3
1;319400;Ruby;Valentina;COCONUT_COUPON;SEASHELLS;666.0;15
1;319400;Valentina;Vinnie;COCONUT_COUPON;SEASHELLS;665.0;15
1;320200;Vinnie;Rhianna;COCONUT;SEASHELLS;10024.0;2
1;322100;Raj;Vinnie;COCONUT;SEASHELLS;10027.0;6
1;322600;Vinnie;Vinnie;COCONUT;SEASHELLS;10029.0;6
1;322700;Valentina;Rhianna;COCONUT_COUPON;SEASHELLS;665.0;11
1;323200;Rhianna;Vinnie;COCONUT;SEASHELLS;10032.0;1
1;323300;Vinnie;Vinnie;COCONUT;SEASHELLS;10029.0;8
1;324000;Vinnie;Vinnie;COCONUT;SEASHELLS;10026.0;6
1;325100;Vinnie;Vinnie;COCONUT;SEASHELLS;10024.0;9
1;325800;Valentina;Vinnie;COCONUT_COUPON;SEASHELLS;663.0;18
1;325900;Valentina;Vinnie;COCONUT_COUPON;SEASHELLS;662.0;15
1;326700;Vinnie;Vinnie;COCONUT;SEASHELLS;10027.0;7
1;329300;Vinnie;Raj;COCONUT;SEASHELLS;10038.0;6
1;329300;Vinnie;Rhianna;COCONUT;SEASHELLS;10038.0;2
1;329500;Vinnie;Rhianna;COCONUT;SEASHELLS;10038.0;2
1;329600;Valentina;Vinnie;COCONUT_COUPON;SEASHELLS;671.0;14
1;330200;Raj;Vinnie;COCONUT;SEASHELLS;10044.0;8
1;330900;Vinnie;Vinnie;COCONUT;SEASHELLS;10045.0;10
1;331500;Valentina;Vinnie;COCONUT_COUPON;SEASHELLS;679.0;18
1;331600;Valentina;Vinnie;COCONUT_COUPON;SEASHELLS;679.0;14
1;332100;Rhianna;Vinnie;COCONUT;SEASHELLS;10052.0;1
1;332700;Valentina;Vinnie;COCONUT_COUPON;SEASHELLS;678.0;13
1;332700;Valentina;Valentina;COCONUT_COUPON;SEASHELLS;678.0;6
1;332800;Vinnie;Rhianna;COCONUT;SEASHELLS;10050.0;1
1;332900;Valentina;Valentina;COCONUT_COUPON;SEASHELLS;680.0;4
1;333300;Ruby;Valentina;COCONUT_COUPON;SEASHELLS;683.0;15
1;335200;Ruby;Valentina;COCONUT_COUPON;SEASHELLS;677.0;13
1;335300;Valentina;Vinnie;COCONUT_COUPON;SEASHELLS;677.0;16
1;335500;Vinnie;Vinnie;COCONUT;SEASHELLS;10040.0;5
1;335700;Valentina;Vinnie;COCONUT_COUPON;SEASHELLS;675.0;14
1;336000;Vinnie;Rhianna;COCONUT;SEASHELLS;10040.0;3
1;336200;Vinnie;Vinnie;COCONUT;SEASHELLS;10039.0;7
1;336300;Valentina;Ruby;COCONUT_COUPON;SEASHELLS;674.0;15
1;337600;Valentina;Vinnie;COCONUT_COUPON;SEASHELLS;666.0;16
1;338200;Vinnie;Vinnie;COCONUT;SEASHELLS;10038.0;8
1;340400;Rhianna;Vinnie;COCONUT;SEASHELLS;10041.0;1
1;340500;Valentina;Vinnie;COCONUT_COUPON;SEASHELLS;666.0;19
1;340800;Valentina;Vinnie;COCONUT_COUPON;SEASHELLS;666.0;18
1;341000;Vinnie;Vinnie;COCONUT;SEASHELLS;10041.0;6
1;341100;Valentina;Ruby;COCONUT_COUPON;SEASHELLS;664.0;18
1;341100;Vladimir;Ruby;COCONUT_COUPON;SEASHELLS;664.0;2
1;341800;Rhianna;Vinnie;COCONUT_COUPON;SEASHELLS;663.0;1
1;341900;Vinnie;Vinnie;COCONUT;SEASHELLS;10043.0;6
1;342200;Valentina;Vinnie;COCONUT_COUPON;SEASHELLS;662.0;15
1;343400;Vinnie;Vinnie;COCONUT;SEASHELLS;10042.0;5
1;343900;Ruby;Valentina;COCONUT_COUPON;SEASHELLS;659.0;12
1;344200;Vinnie;Vinnie;COCONUT;SEASHELLS;10037.0;6
1;344700;Valentina;Rhianna;COCONUT_COUPON;SEASHELLS;657.0;9
1;345600;Valentina;Rhianna;COCONUT_COUPON;SEASHELLS;654.0;14
1;346300;Valentina;Vinnie;COCONUT_COUPON;SEASHELLS;659.0;15
1;346700;Valentina;Rhianna;COCONUT_COUPON;SEASHELLS;660.0;6
1;346700;Raj;Vinnie;COCONUT;SEASHELLS;10043.0;9
1;347300;Rhianna;Vinnie;COCONUT;SEASHELLS;10041.0;2
1;349100;Valentina;Vinnie;COCONUT_COUPON;SEASHELLS;653.0;19
1;350700;Raj;Vinnie;COCONUT;SEASHELLS;10039.0;10
1;350800;Valentina;Valentina;COCONUT_COUPON;SEASHELLS;653.0;6
1;351600;Ruby;Vladimir;COCONUT_COUPON;SEASHELLS;661.0;2
1;351600;Ruby;Valentina;COCONUT_COUPON;SEASHELLS;661.0;17
1;352100;Valentina;Vinnie;COCONUT_COUPON;SEASHELLS;664.0;12
1;352200;Vinnie;Rhianna;COCONUT;SEASHELLS;10043.0;1
1;352200;Valentina;Vinnie;COCONUT_COUPON;SEASHELLS;664.0;16
1;352200;Vinnie;Vinnie;COCONUT;SEASHELLS;10043.0;7
1;352800;Valentina;Vinnie;COCONUT_COUPON;SEASHELLS;667.0;16
1;352800;Valentina;Ruby;COCONUT_COUPON;SEASHELLS;667.0;10
1;352800;Vladimir;Ruby;COCONUT_COUPON;SEASHELLS;667.0;9
1;354100;Valentina;Vinnie;COCONUT_COUPON;SEASHELLS;664.0;11
1;354200;Vinnie;Vinnie;COCONUT;SEASHELLS;10043.0;9
1;354800;Valentina;Rhianna;COCONUT_COUPON;SEASHELLS;664.0;15
1;355400;Valentina;Ruby;COCONUT_COUPON;SEASHELLS;659.0;13
1;356300;Valentina;Ruby;COCONUT_COUPON;SEASHELLS;667.0;12
1;357300;Valentina;Vinnie;COCONUT_COUPON;SEASHELLS;664.0;11
1;357400;Vinnie;Vinnie;COCONUT;SEASHELLS;10041.0;6
1;357500;Valentina;Vinnie;COCONUT_COUPON;SEASHELLS;666.0;14
1;357800;Raj;Vinnie;COCONUT;SEASHELLS;10041.0;8
1;357900;Valentina;Rhianna;COCONUT_COUPON;SEASHELLS;671.0;11
1;358700;Vinnie;Vinnie;COCONUT;SEASHELLS;10040.0;10
1;359400;Valentina;Ruby;COCONUT_COUPON;SEASHELLS;676.0;11
1;359700;Vinnie;Raj;COCONUT;SEASHELLS;10041.0;10
1;359700;Valentina;Vinnie;COCONUT_COUPON;SEASHELLS;676.0;10
1;359900;Vinnie;Vinnie;COCONUT;SEASHELLS;10039.0;9
1;360000;Vinnie;Vinnie;COCONUT;SEASHELLS;10038.0;9
1;360200;Valentina;Vinnie;COCONUT_COUPON;SEASHELLS;671.0;17
1;360800;Vinnie;Rhianna;COCONUT;SEASHELLS;10039.0;2
1;362300;Vinnie;Rhianna;COCONUT;SEASHELLS;10044.0;3
1;362700;Vladimir;Vinnie;COCONUT_COUPON;SEASHELLS;676.0;4
1;362700;Valentina;Vinnie;COCONUT_COUPON;SEASHELLS;676.0;15
1;363800;Valentina;Valentina;COCONUT_COUPON;SEASHELLS;678.0;9
1;364000;Valentina;Vinnie;COCONUT_COUPON;SEASHELLS;682.0;20
1;364100;Valentina;Vinnie;COCONUT_COUPON;SEASHELLS;683.0;20
1;365200;Valentina;Ruby;COCONUT_COUPON;SEASHELLS;681.0;15
1;365400;Ruby;Valentina;COCONUT_COUPON;SEASHELLS;680.0;15
1;365400;Vinnie;Vinnie;COCONUT;SEASHELLS;10049.0;10
1;366400;Vinnie;Vinnie;COCONUT;SEASHELLS;10050.0;8
1;367100;Vinnie;Vinnie;COCONUT;SEASHELLS;10054.0;10
1;367300;Valentina;Vinnie;COCONUT_COUPON;SEASHELLS;681.0;15
1;367300;Vladimir;Vinnie;COCONUT_COUPON;SEASHELLS;681.0;3
1;367400;Vinnie;Raj;COCONUT;SEASHELLS;10053.0;9
1;367600;Vinnie;Raj;COCONUT;SEASHELLS;10055.0;10
1;370100;Valentina;Rhianna;COCONUT_COUPON;SEASHELLS;674.0;9
1;371100;Rhianna;Vinnie;COCONUT;SEASHELLS;10056.0;1
1;371800;Vladimir;Vinnie;COCONUT_COUPON;SEASHELLS;682.0;1
1;371800;Valentina;Vinnie;COCONUT_COUPON;SEASHELLS;682.0;17
1;372000;Valentina;Vinnie;COCONUT_COUPON;SEASHELLS;681.0;13
1;372200;Raj;Vinnie;COCONUT;SEASHELLS;10059.0;7
1;373700;Valentina;Valentina;COCONUT_COUPON;SEASHELLS;674.0;8
1;373800;Valentina;Vinnie;COCONUT_COUPON;SEASHELLS;673.0;14
1;375000;Rhianna;Vinnie;COCONUT;SEASHELLS;10060.0;3
1;375200;Raj;Vinnie;COCONUT;SEASHELLS;10058.0;8
1;377400;Vladimir;Vinnie;COCONUT_COUPON;SEASHELLS;671.0;13
1;378000;Vinnie;Vinnie;COCONUT;SEASHELLS;10059.0;5
1;378200;Raj;Vinnie;COCONUT;SEASHELLS;10060.0;7
1;378600;Vinnie;Vinnie;COCONUT;SEASHELLS;10059.0;9
1;378900;Vladimir;Vinnie;COCONUT_COUPON;SEASHELLS;670.0;14
1;379500;Ruby;Valentina;COCONUT_COUPON;SEASHELLS;668.0;13
1;379600;Vinnie;Vinnie;COCONUT;SEASHELLS;10056.0;9
1;380500;Valentina;Ruby;COCONUT_COUPON;SEASHELLS;667.0;13
1;381000;Ruby;Valentina;COCONUT_COUPON;SEASHELLS;671.0;18
1;382100;Valentina;Vinnie;COCONUT_COUPON;SEASHELLS;672.0;12
1;383000;Valentina;Vinnie;COCONUT_COUPON;SEASHELLS;671.0;17
1;385000;Valentina;Vinnie;COCONUT_COUPON;SEASHELLS;671.0;14
1;385100;Valentina;Vinnie;COCONUT_COUPON;SEASHELLS;672.0;19
1;386100;Vinnie;Vinnie;COCONUT;SEASHELLS;10063.0;9
1;387100;Raj;Vinnie;COCONUT;SEASHELLS;10068.0;7
1;388700;Vinnie;Vinnie;COCONUT;SEASHELLS;10061.0;9
1;389200;Vinnie;Vinnie;COCONUT;SEASHELLS;10062.0;8
1;389900;Valentina;Vinnie;COCONUT_COUPON;SEASHELLS;680.0;13
1;390000;Vinnie;Vinnie;COCONUT;SEASHELLS;10061.0;9
1;390900;Vinnie;Vinnie;COCONUT;SEASHELLS;10062.0;7
1;391600;Valentina;Vinnie;COCONUT_COUPON;SEASHELLS;681.0;10
1;391600;Valentina;Ruby;COCONUT_COUPON;SEASHELLS;681.0;15
1;392000;Valentina;Vinnie;COCONUT_COUPON;SEASHELLS;680.0;13
1;392300;Valentina;Vinnie;COCONUT_COUPON;SEASHELLS;679.0;19
1;393100;Valentina;Vinnie;COCONUT_COUPON;SEASHELLS;677.0;15
1;394000;Valentina;Vinnie;COCONUT_COUPON;SEASHELLS;684.0;13
1;394500;Vinnie;Vinnie;COCONUT;SEASHELLS;10062.0;10
1;395200;Vinnie;Vinnie;COCONUT;SEASHELLS;10061.0;6
1;395400;Vinnie;Rhianna;COCONUT;SEASHELLS;10059.0;3
1;395600;Vinnie;Vinnie;COCONUT;SEASHELLS;10060.0;8
1;395600;Valentina;Valentina;COCONUT_COUPON;SEASHELLS;682.0;8
1;396000;Vinnie;Vinnie;COCONUT;SEASHELLS;10063.0;9
1;396100;Valentina;Vinnie;COCONUT_COUPON;SEASHELLS;686.0;20
1;396800;Valentina;Vinnie;COCONUT_COUPON;SEASHELLS;683.0;17
1;397100;Ruby;Valentina;COCONUT_COUPON;SEASHELLS;682.0;10
1;398400;Valentina;Valentina;COCONUT_COUPON;SEASHELLS;683.0;5
1;398400;Valentina;Vinnie;COCONUT_COUPON;SEASHELLS;683.0;10
1;398800;Valentina;Rhianna;COCONUT_COUPON;SEASHELLS;680.0;14
1;399100;Valentina;Vinnie;COCONUT_COUPON;SEASHELLS;686.0;10
1;401400;Vinnie;Rhianna;COCONUT;SEASHELLS;10047.0;2
1;401900;Ruby;Valentina;COCONUT_COUPON;SEASHELLS;669.0;19
1;401900;Vinnie;Vinnie;COCONUT;SEASHELLS;10043.0;9
1;402100;Valentina;Vinnie;COCONUT_COUPON;SEASHELLS;669.0;10
1;402800;Raj;Vinnie;COCONUT;SEASHELLS;10043.0;6
1;404100;Valentina;Vinnie;COCONUT_COUPON;SEASHELLS;670.0;19
1;404200;Valentina;Valentina;COCONUT_COUPON;SEASHELLS;670.0;5
1;404300;Vinnie;Rhianna;COCONUT;SEASHELLS;10036.0;1
1;405600;Valentina;Vinnie;COCONUT_COUPON;SEASHELLS;665.0;19
1;405900;Rhianna;Vinnie;COCONUT;SEASHELLS;10029.0;1
1;406200;Rhianna;Vinnie;COCONUT_COUPON;SEASHELLS;664.0;14
1;406200;Vladimir;Vinnie;COCONUT_COUPON;SEASHELLS;664.0;2
1;406300;Vinnie;Vinnie;COCONUT;SEASHELLS;10030.0;9
1;408000;Valentina;Vinnie;COCONUT_COUPON;SEASHELLS;664.0;20
1;408200;Raj;Vinnie;COCONUT;SEASHELLS;10028.0;10
1;408300;Vinnie;Vinnie;COCONUT;SEASHELLS;10026.0;5
1;408800;Valentina;Vinnie;COCONUT_COUPON;SEASHELLS;665.0;12
1;409100;Valentina;Ruby;COCONUT_COUPON;SEASHELLS;668.0;11
1;409600;Ruby;Valentina;COCONUT_COUPON;SEASHELLS;668.0;14
1;409600;Valentina;Vinnie;COCONUT_COUPON;SEASHELLS;667.0;18
1;409700;Vinnie;Vinnie;COCONUT;SEASHELLS;10021.0;10
1;409900;Vinnie;Vinnie;COCONUT;SEASHELLS;10020.0;6
1;410000;Vinnie;Vinnie;COCONUT;SEASHELLS;10021.0;6
1;410800;Vinnie;Vinnie;COCONUT;SEASHELLS;10023.0;7
1;411500;Valentina;Vinnie;COCONUT_COUPON;SEASHELLS;673.0;16
1;412400;Valentina;Ruby;COCONUT_COUPON;SEASHELLS;670.0;16
1;412400;Vladimir;Ruby;COCONUT_COUPON;SEASHELLS;670.0;1
1;412700;Valentina;Valentina;COCONUT_COUPON;SEASHELLS;667.0;7
1;413400;Valentina;Vinnie;COCONUT_COUPON;SEASHELLS;669.0;18
1;413400;Vladimir;Vinnie;COCONUT_COUPON;SEASHELLS;669.0;2
1;414400;Valentina;Vinnie;COCONUT_COUPON;SEASHELLS;671.0;14
1;414600;Valentina;Rhianna;COCONUT_COUPON;SEASHELLS;670.0;10
1;414900;Valentina;Rhianna;COCONUT_COUPON;SEASHELLS;669.0;5
1;415100;Valentina;Ruby;COCONUT_COUPON;SEASHELLS;669.0;19
1;415500;Vinnie;Vinnie;COCONUT;SEASHELLS;10029.0;10
1;416500;Rhianna;Vinnie;COCONUT;SEASHELLS;10026.0;1
1;416600;Vinnie;Vinnie;COCONUT;SEASHELLS;10025.0;7
1;416800;Valentina;Ruby;COCONUT_COUPON;SEASHELLS;665.0;13
1;417200;Vinnie;Vinnie;COCONUT;SEASHELLS;10018.0;6
1;419000;Valentina;Vinnie;COCONUT_COUPON;SEASHELLS;670.0;16
1;419000;Vladimir;Vinnie;COCONUT_COUPON;SEASHELLS;670.0;2
1;422500;Valentina;Valentina;COCONUT_COUPON;SEASHELLS;676.0;4
1;423100;Vinnie;Vinnie;COCONUT;SEASHELLS;10028.0;7
1;423200;Raj;Vinnie;COCONUT;SEASHELLS;10030.0;9
1;423300;Valentina;Vinnie;COCONUT_COUPON;SEASHELLS;676.0;13
1;423400;Valentina;Vinnie;COCONUT_COUPON;SEASHELLS;675.0;12
1;423700;Rhianna;Vinnie;COCONUT;SEASHELLS;10028.0;1
1;424200;Rhianna;Vinnie;COCONUT;SEASHELLS;10028.0;2
1;424200;Valentina;Rhianna;COCONUT_COUPON;SEASHELLS;676.0;11
1;425500;Valentina;Vinnie;COCONUT_COUPON;SEASHELLS;675.0;10
1;425600;Vinnie;Vinnie;COCONUT;SEASHELLS;10024.0;5
1;426400;Valentina;Rhianna;COCONUT_COUPON;SEASHELLS;680.0;13
1;426700;Vinnie;Vinnie;COCONUT;SEASHELLS;10030.0;8
1;427200;Valentina;Vinnie;COCONUT_COUPON;SEASHELLS;677.0;18
1;427600;Ruby;Valentina;COCONUT_COUPON;SEASHELLS;680.0;10
1;428100;Raj;Vinnie;COCONUT;SEASHELLS;10034.0;6
1;428600;Valentina;Vinnie;COCONUT_COUPON;SEASHELLS;677.0;15
1;430300;Vinnie;Vinnie;COCONUT;SEASHELLS;10041.0;9
1;431700;Valentina;Rhianna;COCONUT_COUPON;SEASHELLS;686.0;15
1;431900;Vinnie;Vinnie;COCONUT;SEASHELLS;10045.0;8
1;433200;Valentina;Vinnie;COCONUT_COUPON;SEASHELLS;679.0;11
1;433400;Vinnie;Raj;COCONUT;SEASHELLS;10042.0;10
1;433500;Ruby;Valentina;COCONUT_COUPON;SEASHELLS;682.0;19
1;433900;Raj;Vinnie;COCONUT;SEASHELLS;10044.0;5
1;434200;Vinnie;Raj;COCONUT;SEASHELLS;10044.0;8
1;434300;Vinnie;Vinnie;COCONUT;SEASHELLS;10045.0;10
1;434700;Ruby;Valentina;COCONUT_COUPON;SEASHELLS;683.0;16
1;436800;Rhianna;Vinnie;COCONUT;SEASHELLS;10048.0;1
1;437100;Valentina;Vinnie;COCONUT_COUPON;SEASHELLS;691.0;16
1;438400;Vladimir;Ruby;COCONUT_COUPON;SEASHELLS;690.0;1
1;438400;Valentina;Ruby;COCONUT_COUPON;SEASHELLS;690.0;16
1;438500;Valentina;Vinnie;COCONUT_COUPON;SEASHELLS;689.0;19
1;438600;Vinnie;Vinnie;COCONUT;SEASHELLS;10055.0;7
1;439900;Valentina;Vinnie;COCONUT_COUPON;SEASHELLS;693.0;17
1;440200;Vinnie;Vinnie;COCONUT;SEASHELLS;10058.0;9
1;441000;Vladimir;Vinnie;COCONUT_COUPON;SEASHELLS;689.0;10
1;441500;Valentina;Valentina;COCONUT_COUPON;SEASHELLS;686.0;7
1;442100;Valentina;Vinnie;COCONUT_COUPON;SEASHELLS;681.0;11
1;442300;Vinnie;Vinnie;COCONUT;SEASHELLS;10055.0;10
1;443900;Vinnie;Vinnie;COCONUT;SEASHELLS;10056.0;7
1;444000;Valentina;Vinnie;COCONUT_COUPON;SEASHELLS;682.0;17
1;444400;Vinnie;Vinnie;COCONUT;SEASHELLS;10054.0;8
1;444400;Valentina;Rhianna;COCONUT_COUPON;SEASHELLS;682.0;10
1;444700;Valentina;Valentina;COCONUT_COUPON;SEASHELLS;684.0;4
1;444700;Vinnie;Vinnie;COCONUT;SEASHELLS;10054.0;5
1;445400;Valentina;Vinnie;COCONUT_COUPON;SEASHELLS;680.0;18
1;445800;Valentina;Ruby;COCONUT_COUPON;SEASHELLS;680.0;19
1;447600;Rhianna;Vinnie;COCONUT;SEASHELLS;10052.0;1
1;448400;Valentina;Rhianna;COCONUT_COUPON;SEASHELLS;676.0;6
1;449500;Valentina;Ruby;COCONUT_COUPON;SEASHELLS;676.0;19
1;450000;Valentina;Vinnie;COCONUT_COUPON;SEASHELLS;672.0;19
1;450400;Valentina;Ruby;COCONUT_COUPON;SEASHELLS;672.0;11
1;450600;Valentina;Vinnie;COCONUT_COUPON;SEASHELLS;673.0;10
1;451400;Valentina;Ruby;COCONUT_COUPON;SEASHELLS;678.0;13
1;451500;Valentina;Rhianna;COCONUT_COUPON;SEASHELLS;677.0;6
1;452100;Valentina;Vinnie;COCONUT_COUPON;SEASHELLS;675.0;11
1;452200;Valentina;Vinnie;COCONUT_COUPON;SEASHELLS;677.0;20
1;452200;Ruby;Valentina;COCONUT_COUPON;SEASHELLS;678.0;20
1;452300;Valentina;Vinnie;COCONUT_COUPON;SEASHELLS;676.0;15
1;452300;Vinnie;Vinnie;COCONUT;SEASHELLS;10056.0;6
1;453300;Ruby;Valentina;COCONUT_COUPON;SEASHELLS;680.0;19
1;454200;Vinnie;Vinnie;COCONUT;SEASHELLS;10065.0;9
1;454300;Valentina;Valentina;COCONUT_COUPON;SEASHELLS;683.0;4
1;454300;Valentina;Ruby;COCONUT_COUPON;SEASHELLS;683.0;11
1;455000;Vinnie;Rhianna;COCONUT;SEASHELLS;10064.0;3
1;455200;Valentina;Valentina;COCONUT_COUPON;SEASHELLS;681.0;7
1;456500;Vinnie;Raj;COCONUT;SEASHELLS;10061.0;10
1;457400;Vinnie;Vinnie;COCONUT;SEASHELLS;10061.0;5
1;457700;Valentina;Vinnie;COCONUT_COUPON;SEASHELLS;683.0;18
1;458400;Valentina;Valentina;COCONUT_COUPON;SEASHELLS;687.0;5
1;459000;Vinnie;Vinnie;COCONUT;SEASHELLS;10063.0;9
1;460500;Valentina;Vinnie;COCONUT_COUPON;SEASHELLS;683.0;18
1;461300;Vladimir;Vinnie;COCONUT_COUPON;SEASHELLS;691.0;2
1;461300;Valentina;Vinnie;COCONUT_COUPON;SEASHELLS;691.0;16
1;461800;Vinnie;Rhianna;COCONUT;SEASHELLS;10059.0;1
1;462200;Valentina;Vinnie;COCONUT_COUPON;SEASHELLS;683.0;13
1;462200;Vinnie;Rhianna;COCONUT;SEASHELLS;10058.0;3
1;462200;Ruby;Valentina;COCONUT_COUPON;SEASHELLS;684.0;17
1;463500;Valentina;Vinnie;COCONUT_COUPON;SEASHELLS;682.0;10
1;463500;Vinnie;Vinnie;COCONUT;SEASHELLS;10056.0;8
1;463700;Ruby;Valentina;COCONUT_COUPON;SEASHELLS;683.0;19
1;464100;Vinnie;Vinnie;COCONUT;SEASHELLS;10057.0;7
1;464400;Vinnie;Vinnie;COCONUT;SEASHELLS;10057.0;6
1;465200;Valentina;Vinnie;COCONUT_COUPON;SEASHELLS;684.0;15
1;465300;Ruby;Valentina;COCONUT_COUPON;SEASHELLS;686.0;17
1;465900;Ruby;Valentina;COCONUT_COUPON;SEASHELLS;685.0;16
1;466100;Raj;Vinnie;COCONUT;SEASHELLS;10057.0;10
1;466400;Valentina;Vinnie;COCONUT_COUPON;SEASHELLS;679.0;12
1;466500;Ruby;Valentina;COCONUT_COUPON;SEASHELLS;681.0;14
1;467300;Valentina;Rhianna;COCONUT_COUPON;SEASHELLS;677.0;8
1;467400;Valentina;Vinnie;COCONUT_COUPON;SEASHELLS;676.0;14
1;467600;Valentina;Rhianna;COCONUT_COUPON;SEASHELLS;677.0;7
1;468000;Vinnie;Rhianna;COCONUT;SEASHELLS;10055.0;1
1;468300;Valentina;Vinnie;COCONUT_COUPON;SEASHELLS;673.0;17
1;468800;Rhianna;Vinnie;COCONUT;SEASHELLS;10055.0;1
1;468900;Vinnie;Vinnie;COCONUT;SEASHELLS;10052.0;5
1;470900;Ruby;Valentina;COCONUT_COUPON;SEASHELLS;664.0;17
1;471400;Vinnie;Vinnie;COCONUT;SEASHELLS;10051.0;9
1;471900;Valentina;Vinnie;COCONUT_COUPON;SEASHELLS;668.0;15
1;472200;Valentina;Valentina;COCONUT_COUPON;SEASHELLS;669.0;4
1;472500;Valentina;Vinnie;COCONUT_COUPON;SEASHELLS;666.0;15
1;472500;Vladimir;Vinnie;COCONUT_COUPON;SEASHELLS;666.0;1
1;474300;Valentina;Rhianna;COCONUT_COUPON;SEASHELLS;667.0;13
1;476200;Vinnie;Vinnie;COCONUT;SEASHELLS;10048.0;7
1;476600;Valentina;Vinnie;COCONUT_COUPON;SEASHELLS;658.0;13
1;476600;Ruby;Valentina;COCONUT_COUPON;SEASHELLS;659.0;17
1;477700;Vinnie;Vinnie;COCONUT;SEASHELLS;10038.0;7
1;478100;Vinnie;Vinnie;COCONUT;SEASHELLS;10036.0;8
1;478500;Vinnie;Vinnie;COCONUT;SEASHELLS;10035.0;8
1;478800;Ruby;Valentina;COCONUT_COUPON;SEASHELLS;657.0;18
1;478800;Ruby;Vladimir;COCONUT_COUPON;SEASHELLS;657.0;2
1;478900;Valentina;Vinnie;COCONUT_COUPON;SEASHELLS;657.0;16
1;479200;Vinnie;Vinnie;COCONUT;SEASHELLS;10036.0;5
1;480400;Valentina;Vinnie;COCONUT_COUPON;SEASHELLS;665.0;16
1;480600;Vinnie;Vinnie;COCONUT;SEASHELLS;10040.0;5
1;481000;Valentina;Vinnie;COCONUT_COUPON;SEASHELLS;662.0;10
1;481100;Vinnie;Valentina;COCONUT_COUPON;SEASHELLS;662.0;9
1;481500;Vinnie;Raj;COCONUT;SEASHELLS;10034.0;9
1;482200;Vinnie;Vinnie;COCONUT;SEASHELLS;10033.0;10
1;482900;Valentina;Vinnie;COCONUT_COUPON;SEASHELLS;662.0;17
1;483500;Vinnie;Raj;COCONUT;SEASHELLS;10029.0;5
1;483500;Valentina;Vinnie;COCONUT_COUPON;SEASHELLS;662.0;13
1;484200;Valentina;Vinnie;COCONUT_COUPON;SEASHELLS;663.0;14
1;485500;Valentina;Ruby;COCONUT_COUPON;SEASHELLS;664.0;13
1;485600;Valentina;Ruby;COCONUT_COUPON;SEASHELLS;663.0;12
1;485800;Ruby;Valentina;COCONUT_COUPON;SEASHELLS;663.0;12
1;486800;Vinnie;Raj;COCONUT;SEASHELLS;10031.0;7
1;486900;Vinnie;Vinnie;COCONUT;SEASHELLS;10031.0;5
1;488000;Rhianna;Vinnie;COCONUT;SEASHELLS;10031.0;2
1;489800;Valentina;Ruby;COCONUT_COUPON;SEASHELLS;665.0;18
1;490200;Vinnie;Vinnie;COCONUT;SEASHELLS;10033.0;10
1;493800;Vinnie;Vinnie;COCONUT;SEASHELLS;10041.0;7
1;494600;Valentina;Vinnie;COCONUT_COUPON;SEASHELLS;657.0;10
1;498500;Valentina;Vinnie;COCONUT_COUPON;SEASHELLS;669.0;14
1;498800;Vinnie;Vinnie;COCONUT;SEASHELLS;10037.0;7
1;499300;Vinnie;Rhianna;COCONUT;SEASHELLS;10039.0;2
1;499900;Valentina;Vinnie;COCONUT_COUPON;SEASHELLS;670.0;19
1;500400;Vinnie;Rhianna;COCONUT;SEASHELLS;10041.0;1
1;501100;Vinnie;Rhianna;COCONUT;SEASHELLS;10042.0;1
1;501400;Vinnie;Vinnie;COCONUT;SEASHELLS;10043.0;5
1;502600;Vinnie;Vinnie;COCONUT;SEASHELLS;10042.0;8
1;503900;Ruby;Valentina;COCONUT_COUPON;SEASHELLS;675.0;20
1;504000;Valentina;Valentina;COCONUT_COUPON;SEASHELLS;674.0;7
1;505800;Valentina;Ruby;COCONUT_COUPON;SEASHELLS;672.0;10
1;506000;Vinnie;Rhianna;COCONUT;SEASHELLS;10039.0;3
1;506700;Vinnie;Vinnie;COCONUT;SEASHELLS;10035.0;6
1;507100;Vinnie;Vinnie;COCONUT;SEASHELLS;10033.0;7
1;507900;Valentina;Vinnie;COCONUT_COUPON;SEASHELLS;666.0;11
1;508000;Vinnie;Rhianna;COCONUT;SEASHELLS;10036.0;1
1;508800;Valentina;Vinnie;COCONUT_COUPON;SEASHELLS;667.0;18
1;509300;Raj;Vinnie;COCONUT;SEASHELLS;10037.0;9
1;510400;Rhianna;Vinnie;COCONUT;SEASHELLS;10032.0;3
1;510800;Valentina;Vinnie;COCONUT_COUPON;SEASHELLS;661.0;15
1;512500;Raj;Vinnie;COCONUT;SEASHELLS;10034.0;7
1;513700;Ruby;Valentina;COCONUT_COUPON;SEASHELLS;664.0;16
1;514300;Rhianna;Vinnie;COCONUT;SEASHELLS;10046.0;2
1;515500;Valentina;Vinnie;COCONUT_COUPON;SEASHELLS;667.0;19
1;515600;Vladimir;Ruby;COCONUT_COUPON;SEASHELLS;669.0;3
1;515600;Valentina;Ruby;COCONUT_COUPON;SEASHELLS;669.0;16
1;518100;Valentina;Ruby;COCONUT_COUPON;SEASHELLS;664.0;11
1;518200;Vinnie;Raj;COCONUT;SEASHELLS;10052.0;10
1;518800;Valentina;Rhianna;COCONUT_COUPON;SEASHELLS;665.0;8
1;518900;Valentina;Vinnie;COCONUT_COUPON;SEASHELLS;665.0;15
1;519100;Vinnie;Vinnie;COCONUT;SEASHELLS;10054.0;6
1;519200;Valentina;Vinnie;COCONUT_COUPON;SEASHELLS;663.0;17
1;519300;Valentina;Rhianna;COCONUT_COUPON;SEASHELLS;665.0;14
1;521300;Vinnie;Vinnie;COCONUT;SEASHELLS;10056.0;9
1;522100;Ruby;Valentina;COCONUT_COUPON;SEASHELLS;658.0;18
1;525000;Vinnie;Vinnie;COCONUT;SEASHELLS;10054.0;8
1;525700;Vinnie;Vinnie;COCONUT;SEASHELLS;10052.0;8
1;526000;Vinnie;Vinnie;COCONUT;SEASHELLS;10055.0;8
1;526600;Vinnie;Raj;COCONUT;SEASHELLS;10058.0;9
1;527400;Vinnie;Vinnie;COCONUT;SEASHELLS;10058.0;5
1;527700;Vinnie;Vinnie;COCONUT;SEASHELLS;10055.0;10
1;527800;Vinnie;Vinnie;COCONUT;SEASHELLS;10054.0;5
1;528000;Valentina;Vinnie;COCONUT_COUPON;SEASHELLS;666.0;11
1;528900;Vinnie;Raj;COCONUT;SEASHELLS;10053.0;9
1;529400;Valentina;Rhianna;COCONUT_COUPON;SEASHELLS;667.0;13
1;529700;Valentina;Vinnie;COCONUT_COUPON;SEASHELLS;668.0;19
1;529800;Valentina;Vinnie;COCONUT_COUPON;SEASHELLS;670.0;16
1;529800;Vladimir;Vinnie;COCONUT_COUPON;SEASHELLS;670.0;1
1;531000;Valentina;Vinnie;COCONUT_COUPON;SEASHELLS;671.0;18
1;531500;Vinnie;Vinnie;COCONUT;SEASHELLS;10059.0;10
1;531900;Valentina;Ruby;COCONUT_COUPON;SEASHELLS;673.0;10
1;532100;Valentina;Vinnie;COCONUT_COUPON;SEASHELLS;671.0;12
1;532900;Valentina;Vinnie;COCONUT_COUPON;SEASHELLS;669.0;16
1;533600;Raj;Vinnie;COCONUT;SEASHELLS;10062.0;10
1;534100;Vinnie;Vinnie;COCONUT;SEASHELLS;10064.0;7
1;534300;Rhianna;Vinnie;COCONUT;SEASHELLS;10065.0;1
1;536100;Valentina;Vinnie;COCONUT_COUPON;SEASHELLS;678.0;19
1;536800;Vinnie;Vinnie;COCONUT;SEASHELLS;10066.0;5
1;537500;Rhianna;Vinnie;COCONUT;SEASHELLS;10069.0;1
1;537500;Vladimir;Ruby;COCONUT_COUPON;SEASHELLS;679.0;6
1;537500;Valentina;Vinnie;COCONUT_COUPON;SEASHELLS;679.0;13
1;537500;Valentina;Ruby;COCONUT_COUPON;SEASHELLS;679.0;10
1;537800;Valentina;Vinnie;COCONUT_COUPON;SEASHELLS;678.0;15
1;539500;Valentina;Vinnie;COCONUT_COUPON;SEASHELLS;680.0;20
1;539900;Valentina;Vinnie;COCONUT_COUPON;SEASHELLS;682.0;19
1;540300;Vinnie;Vinnie;COCONUT;SEASHELLS;10072.0;8
1;541200;Valentina;Valentina;COCONUT_COUPON;SEASHELLS;682.0;6
1;542800;Valentina;Vinnie;COCONUT_COUPON;SEASHELLS;680.0;11
1;543800;Valentina;Valentina;COCONUT_COUPON;SEASHELLS;677.0;10
1;544000;Valentina;Vinnie;COCONUT_COUPON;SEASHELLS;677.0;16
1;544900;Valentina;Vinnie;COCONUT_COUPON;SEASHELLS;677.0;12
1;545000;Valentina;Vinnie;COCONUT_COUPON;SEASHELLS;677.0;19
1;545900;Valentina;Rhianna;COCONUT_COUPON;SEASHELLS;679.0;13
1;546300;Raj;Vinnie;COCONUT;SEASHELLS;10070.0;9
1;548000;Valentina;Vinnie;COCONUT_COUPON;SEASHELLS;683.0;18
1;549100;Rhianna;Vinnie;COCONUT;SEASHELLS;10074.0;2
1;549700;Rhianna;Vinnie;COCONUT;SEASHELLS;10073.0;3
1;549700;Valentina;Valentina;COCONUT_COUPON;SEASHELLS;675.0;5
1;549900;Valentina;Rhianna;COCONUT_COUPON;SEASHELLS;675.0;11
1;550100;Valentina;Vinnie;COCONUT_COUPON;SEASHELLS;672.0;18
1;551100;Rhianna;Vinnie;COCONUT;SEASHELLS;10078.0;1
1;551400;Vinnie;Raj;COCONUT;SEASHELLS;10079.0;10
1;551400;Rhianna;Vinnie;COCONUT;SEASHELLS;10080.0;2
1;551900;Valentina;Ruby;COCONUT_COUPON;SEASHELLS;669.0;15
1;552500;Vinnie;Raj;COCONUT;SEASHELLS;10078.0;7
1;553400;Vinnie;Vinnie;COCONUT;SEASHELLS;10074.0;5
1;554400;Valentina;Valentina;COCONUT_COUPON;SEASHELLS;666.0;7
1;554800;Valentina;Rhianna;COCONUT_COUPON;SEASHELLS;666.0;6
1;555200;Valentina;Ruby;COCONUT_COUPON;SEASHELLS;663.0;13
1;555300;Vinnie;Vinnie;COCONUT;SEASHELLS;10074.0;10
1;556400;Vladimir;Vinnie;COCONUT_COUPON;SEASHELLS;667.0;1
1;556400;Valentina;Vinnie;COCONUT_COUPON;SEASHELLS;667.0;17
1;556400;Vinnie;Vinnie;COCONUT;SEASHELLS;10077.0;10
1;556900;Vinnie;Vinnie;COCONUT;SEASHELLS;10076.0;6
1;558100;Vinnie;Vinnie;COCONUT;SEASHELLS;10072.0;6
1;559500;Valentina;Rhianna;COCONUT_COUPON;SEASHELLS;663.0;14
1;559600;Vinnie;Raj;COCONUT;SEASHELLS;10069.0;10
1;560600;Valentina;Vinnie;COCONUT_COUPON;SEASHELLS;662.0;18
1;560900;Valentina;Vinnie;COCONUT_COUPON;SEASHELLS;659.0;10
1;561700;Valentina;Vinnie;COCONUT_COUPON;SEASHELLS;660.0;16
1;562300;Vinnie;Vinnie;COCONUT;SEASHELLS;10067.0;9
1;562500;Vinnie;Vinnie;COCONUT;SEASHELLS;10068.0;5
1;563500;Vinnie;Vinnie;COCONUT;SEASHELLS;10067.0;6
1;564300;Vinnie;Vinnie;COCONUT;SEASHELLS;10071.0;5
1;564900;Valentina;Vinnie;COCONUT_COUPON;SEASHELLS;658.0;10
1;566800;Valentina;Vinnie;COCONUT_COUPON;SEASHELLS;661.0;12
1;569100;Valentina;Rhianna;COCONUT_COUPON;SEASHELLS;651.0;7
1;570600;Ruby;Valentina;COCONUT_COUPON;SEASHELLS;647.0;19
1;571000;Vinnie;Vinnie;COCONUT;SEASHELLS;10060.0;7
1;571200;Vinnie;Vinnie;COCONUT;SEASHELLS;10060.0;6
1;572200;Raj;Vinnie;COCONUT;SEASHELLS;10060.0;6
1;573200;Valentina;Vinnie;COCONUT_COUPON;SEASHELLS;640.0;16
1;573200;Vladimir;Vinnie;COCONUT_COUPON;SEASHELLS;640.0;4
1;576100;Vinnie;Vinnie;COCONUT;SEASHELLS;10046.0;5
1;577200;Valentina;Vinnie;COCONUT_COUPON;SEASHELLS;652.0;15
1;577600;Vinnie;Vinnie;COCONUT;SEASHELLS;10045.0;7
1;578200;Vinnie;Rhianna;COCONUT;SEASHELLS;10042.0;3
1;578300;Valentina;Vinnie;COCONUT_COUPON;SEASHELLS;646.0;16
1;578300;Vladimir;Vinnie;COCONUT_COUPON;SEASHELLS;646.0;1
1;578500;Vinnie;Vinnie;COCONUT;SEASHELLS;10048.0;8
1;579100;Vinnie;Raj;COCONUT;SEASHELLS;10043.0;10
1;579400;Vinnie;Vinnie;COCONUT;SEASHELLS;10044.0;8
1;579600;Valentina;Valentina;COCONUT_COUPON;SEASHELLS;648.0;10
1;579900;Ruby;Valentina;COCONUT_COUPON;SEASHELLS;650.0;14
1;579900;Valentina;Rhianna;COCONUT_COUPON;SEASHELLS;649.0;9
1;580900;Valentina;Vinnie;COCONUT_COUPON;SEASHELLS;648.0;16
1;581500;Valentina;Vladimir;COCONUT_COUPON;SEASHELLS;651.0;7
1;582400;Valentina;Vinnie;COCONUT_COUPON;SEASHELLS;649.0;10
1;582800;Vinnie;Vinnie;COCONUT;SEASHELLS;10044.0;6
1;583600;Vinnie;Rhianna;COCONUT;SEASHELLS;10043.0;2
1;583600;Raj;Vinnie;COCONUT;SEASHELLS;10044.0;10
1;584500;Vinnie;Vinnie;COCONUT;SEASHELLS;10043.0;6
1;584600;Valentina;Vinnie;COCONUT_COUPON;SEASHELLS;661.0;12
1;585100;Vinnie;Vinnie;COCONUT_COUPON;SEASHELLS;663.0;1
1;585500;Valentina;Vinnie;COCONUT_COUPON;SEASHELLS;663.0;10
1;588000;Ruby;Valentina;COCONUT_COUPON;SEASHELLS;670.0;19
1;588200;Valentina;Vinnie;COCONUT_COUPON;SEASHELLS;669.0;10
1;588300;Vinnie;Rhianna;COCONUT;SEASHELLS;10059.0;1
1;589000;Valentina;Ruby;COCONUT_COUPON;SEASHELLS;671.0;19
1;589500;Valentina;Vinnie;COCONUT_COUPON;SEASHELLS;671.0;13
1;592400;Vinnie;Vinnie;COCONUT;SEASHELLS;10051.0;5
1;593500;Valentina;Vinnie;COCONUT_COUPON;SEASHELLS;664.0;17
1;593900;Ruby;Valentina;COCONUT_COUPON;SEASHELLS;664.0;12
1;595800;Raj;Vinnie;COCONUT;SEASHELLS;10051.0;5
1;597400;Valentina;Vinnie;COCONUT_COUPON;SEASHELLS;668.0;13
1;601000;Vinnie;Raj;COCONUT;SEASHELLS;10048.0;8
1;601500;Vladimir;Rhianna;COCONUT_COUPON;SEASHELLS;660.0;9
1;601600;Vinnie;Rhianna;COCONUT;SEASHELLS;10048.0;2
1;601700;Ruby;Valentina;COCONUT_COUPON;SEASHELLS;661.0;12
1;601900;Rhianna;Vinnie;COCONUT;SEASHELLS;10048.0;3
1;602000;Vinnie;Vinnie;COCONUT;SEASHELLS;10047.0;10
1;603100;Vinnie;Rhianna;COCONUT;SEASHELLS;10051.0;2
1;603300;Valentina;Valentina;COCONUT_COUPON;SEASHELLS;661.0;8
1;604200;Vinnie;Vinnie;COCONUT;SEASHELLS;10054.0;8
1;604900;Ruby;Valentina;COCONUT_COUPON;SEASHELLS;661.0;15
1;605800;Raj;Vinnie;COCONUT;SEASHELLS;10059.0;9
1;606000;Rhianna;Vinnie;COCONUT;SEASHELLS;10057.0;3
1;606200;Valentina;Rhianna;COCONUT_COUPON;SEASHELLS;669.0;9
1;606600;Vinnie;Vinnie;COCONUT;SEASHELLS;10057.0;7
1;607800;Valentina;Vinnie;COCONUT_COUPON;SEASHELLS;673.0;11
1;608000;Valentina;Vinnie;COCONUT_COUPON;SEASHELLS;674.0;14
1;608000;Vinnie;Rhianna;COCONUT;SEASHELLS;10057.0;3
1;609900;Valentina;Vinnie;COCONUT_COUPON;SEASHELLS;676.0;10
1;610000;Valentina;Vinnie;COCONUT_COUPON;SEASHELLS;675.0;11
1;610100;Vinnie;Rhianna;COCONUT;SEASHELLS;10061.0;2
1;610200;Rhianna;Vinnie;COCONUT;SEASHELLS;10064.0;3
1;610500;Valentina;Vinnie;COCONUT_COUPON;SEASHELLS;676.0;16
1;610600;Vinnie;Raj;COCONUT;SEASHELLS;10061.0;10
1;610600;Rhianna;Vinnie;COCONUT;SEASHELLS;10062.0;3
1;611100;Valentina;Vinnie;COCONUT_COUPON;SEASHELLS;675.0;14
1;612000;Vladimir;Vinnie;COCONUT_COUPON;SEASHELLS;672.0;1
1;612000;Valentina;Vinnie;COCONUT_COUPON;SEASHELLS;672.0;16
1;613600;Valentina;Rhianna;COCONUT_COUPON;SEASHELLS;670.0;11
1;614600;Valentina;Vinnie;COCONUT_COUPON;SEASHELLS;666.0;13
1;617100;Valentina;Vinnie;COCONUT_COUPON;SEASHELLS;652.0;10
1;617300;Ruby;Valentina;COCONUT_COUPON;SEASHELLS;654.0;17
1;617300;Vinnie;Vinnie;COCONUT;SEASHELLS;10036.0;7
1;617600;Ruby;Valentina;COCONUT_COUPON;SEASHELLS;654.0;19
1;617600;Valentina;Vinnie;COCONUT_COUPON;SEASHELLS;653.0;19
1;618500;Valentina;Vinnie;COCONUT_COUPON;SEASHELLS;655.0;16
1;619200;Rhianna;Vladimir;COCONUT_COUPON;SEASHELLS;652.0;10
1;619700;Vinnie;Vinnie;COCONUT;SEASHELLS;10033.0;6
1;619900;Valentina;Rhianna;COCONUT_COUPON;SEASHELLS;653.0;5
1;620100;Valentina;Vinnie;COCONUT_COUPON;SEASHELLS;653.0;12
1;620100;Valentina;Valentina;COCONUT_COUPON;SEASHELLS;653.0;7
1;621600;Ruby;Valentina;COCONUT_COUPON;SEASHELLS;649.0;14
1;622500;Ruby;Valentina;COCONUT_COUPON;SEASHELLS;645.0;13
1;622600;Valentina;Ruby;COCONUT_COUPON;SEASHELLS;646.0;11
1;622900;Valentina;Vinnie;COCONUT_COUPON;SEASHELLS;645.0;16
1;623600;Vinnie;Raj;COCONUT;SEASHELLS;10035.0;5
1;624900;Vinnie;Vinnie;COCONUT;SEASHELLS;10036.0;9
1;625100;Vinnie;Vinnie;COCONUT;SEASHELLS;10036.0;9
1;625300;Vinnie;Vinnie;COCONUT;SEASHELLS;10035.0;5
1;625500;Vinnie;Vinnie;COCONUT;SEASHELLS;10036.0;9
1;626300;Ruby;Valentina;COCONUT_COUPON;SEASHELLS;640.0;15
1;626500;Raj;Vinnie;COCONUT;SEASHELLS;10034.0;5
1;627500;Valentina;Vinnie;COCONUT_COUPON;SEASHELLS;639.0;19
1;627500;Vladimir;Vinnie;COCONUT_COUPON;SEASHELLS;639.0;1
1;628100;Vinnie;Vinnie;COCONUT;SEASHELLS;10033.0;9
1;628600;Valentina;Ruby;COCONUT_COUPON;SEASHELLS;637.0;18
1;629000;Valentina;Vinnie;COCONUT_COUPON;SEASHELLS;638.0;15
1;629000;Vinnie;Vinnie;COCONUT;SEASHELLS;10031.0;6
1;629700;Vinnie;Vinnie;COCONUT;SEASHELLS;10033.0;8
1;630100;Valentina;Rhianna;COCONUT_COUPON;SEASHELLS;639.0;15
1;632200;Valentina;Vinnie;COCONUT_COUPON;SEASHELLS;645.0;15
1;632300;Valentina;Rhianna;COCONUT_COUPON;SEASHELLS;644.0;9
1;632900;Valentina;Vinnie;COCONUT_COUPON;SEASHELLS;639.0;16
1;633100;Vinnie;Vinnie;COCONUT;SEASHELLS;10033.0;6
1;633200;Vinnie;Vinnie;COCONUT;SEASHELLS;10033.0;5
1;633600;Rhianna;Vinnie;COCONUT;SEASHELLS;10036.0;3
1;634800;Valentina;Vinnie;COCONUT_COUPON;SEASHELLS;634.0;17
1;635400;Raj;Vinnie;COCONUT;SEASHELLS;10028.0;9
1;636300;Vinnie;Vinnie;COCONUT;SEASHELLS;10028.0;10
1;636500;Valentina;Vinnie;COCONUT_COUPON;SEASHELLS;636.0;11
1;636600;Valentina;Vinnie;COCONUT_COUPON;SEASHELLS;635.0;19
1;636600;Vinnie;Vinnie;COCONUT;SEASHELLS;10027.0;7
1;636900;Vinnie;Raj;COCONUT;SEASHELLS;10026.0;8
1;637600;Vinnie;Vinnie;COCONUT;SEASHELLS;10028.0;6
1;637800;Valentina;Rhianna;COCONUT_COUPON;SEASHELLS;635.0;14
1;638800;Valentina;Vinnie;COCONUT_COUPON;SEASHELLS;637.0;17
1;638800;Vinnie;Vinnie;COCONUT;SEASHELLS;10034.0;5
1;639000;Ruby;Valentina;COCONUT_COUPON;SEASHELLS;640.0;20
1;641500;Valentina;Valentina;COCONUT_COUPON;SEASHELLS;635.0;4
1;641500;Vinnie;Vinnie;COCONUT;SEASHELLS;10037.0;7
1;641800;Vinnie;Vinnie;COCONUT;SEASHELLS;10038.0;9
1;641900;Vinnie;Vinnie;COCONUT;SEASHELLS;10039.0;9
1;642300;Valentina;Vinnie;COCONUT_COUPON;SEASHELLS;631.0;15
1;643200;Valentina;Vinnie;COCONUT_COUPON;SEASHELLS;634.0;13
1;643500;Vinnie;Vinnie;COCONUT;SEASHELLS;10038.0;6
1;644200;Vinnie;Vinnie;COCONUT;SEASHELLS;10037.0;6
1;644300;Valentina;Vinnie;COCONUT_COUPON;SEASHELLS;631.0;16
1;644300;Vladimir;Rhianna;COCONUT_COUPON;SEASHELLS;631.0;3
1;644300;Valentina;Rhianna;COCONUT_COUPON;SEASHELLS;631.0;11
1;646600;Vinnie;Vinnie;COCONUT;SEASHELLS;10032.0;9
1;646600;Raj;Vinnie;COCONUT;SEASHELLS;10034.0;10
1;647600;Vinnie;Raj;COCONUT;SEASHELLS;10037.0;10
1;647600;Vinnie;Rhianna;COCONUT;SEASHELLS;10037.0;2
1;648200;Valentina;Vinnie;COCONUT_COUPON;SEASHELLS;648.0;17
1;648800;Raj;Vinnie;COCONUT;SEASHELLS;10042.0;9
1;649000;Vladimir;Vinnie;COCONUT_COUPON;SEASHELLS;646.0;1
1;649000;Valentina;Vinnie;COCONUT_COUPON;SEASHELLS;646.0;15
1;649100;Valentina;Vinnie;COCONUT_COUPON;SEASHELLS;647.0;16
1;649200;Valentina;Vinnie;COCONUT_COUPON;SEASHELLS;646.0;20
1;649300;Rhianna;Vinnie;COCONUT;SEASHELLS;10042.0;1
1;649900;Valentina;Valentina;COCONUT_COUPON;SEASHELLS;647.0;10
1;651700;Valentina;Valentina;COCONUT_COUPON;SEASHELLS;651.0;10
1;651800;Vinnie;Rhianna;COCONUT;SEASHELLS;10049.0;3
1;653900;Valentina;Valentina;COCONUT_COUPON;SEASHELLS;647.0;6
1;654800;Valentina;Vinnie;COCONUT_COUPON;SEASHELLS;653.0;16
1;654800;Vladimir;Vinnie;COCONUT_COUPON;SEASHELLS;653.0;3
1;655300;Valentina;Vinnie;COCONUT_COUPON;SEASHELLS;655.0;20
1;658700;Valentina;Rhianna;COCONUT_COUPON;SEASHELLS;659.0;5
1;660800;Valentina;Vinnie;COCONUT_COUPON;SEASHELLS;658.0;16
1;661300;Vinnie;Vinnie;COCONUT;SEASHELLS;10043.0;9
1;661600;Valentina;Valentina;COCONUT_COUPON;SEASHELLS;660.0;5
1;661700;Vinnie;Raj;COCONUT;SEASHELLS;10039.0;9
1;662000;Vinnie;Raj;COCONUT;SEASHELLS;10041.0;9
1;662500;Valentina;Vinnie;COCONUT_COUPON;SEASHELLS;667.0;15
1;663200;Vinnie;Vinnie;COCONUT;SEASHELLS;10043.0;6
1;663200;Ruby;Valentina;COCONUT_COUPON;SEASHELLS;672.0;13
1;664000;Valentina;Valentina;COCONUT_COUPON;SEASHELLS;671.0;10
1;664100;Valentina;Vinnie;COCONUT_COUPON;SEASHELLS;670.0;11
1;664400;Vinnie;Vinnie;COCONUT;SEASHELLS;10040.0;10
1;665500;Valentina;Valentina;COCONUT_COUPON;SEASHELLS;670.0;10
1;665800;Valentina;Vinnie;COCONUT_COUPON;SEASHELLS;670.0;17
1;666300;Valentina;Valentina;COCONUT_COUPON;SEASHELLS;669.0;7
1;666600;Vinnie;Rhianna;COCONUT;SEASHELLS;10041.0;1
1;666600;Valentina;Valentina;COCONUT_COUPON;SEASHELLS;668.0;10
1;666800;Valentina;Vinnie;COCONUT_COUPON;SEASHELLS;669.0;12
1;667000;Rhianna;Vinnie;COCONUT;SEASHELLS;10047.0;1
1;669300;Valentina;Rhianna;COCONUT_COUPON;SEASHELLS;671.0;14
1;670000;Vinnie;Vinnie;COCONUT;SEASHELLS;10045.0;10
1;670100;Vinnie;Vinnie;COCONUT;SEASHELLS;10045.0;7
1;671500;Valentina;Vinnie;COCONUT_COUPON;SEASHELLS;671.0;19
1;671600;Vinnie;Raj;COCONUT;SEASHELLS;10050.0;7
1;671800;Vinnie;Raj;COCONUT;SEASHELLS;10050.0;6
1;673400;Valentina;Vinnie;COCONUT_COUPON;SEASHELLS;663.0;14
1;673900;Valentina;Valentina;COCONUT_COUPON;SEASHELLS;661.0;8
1;675000;Valentina;Valentina;COCONUT_COUPON;SEASHELLS;669.0;9
1;676100;Valentina;Rhianna;COCONUT_COUPON;SEASHELLS;671.0;15
1;676200;Vinnie;Vinnie;COCONUT;SEASHELLS;10053.0;5
1;676800;Vinnie;Vinnie;COCONUT;SEASHELLS;10051.0;9
1;677400;Vinnie;Vinnie;COCONUT;SEASHELLS;10047.0;8
1;677800;Rhianna;Vinnie;COCONUT;SEASHELLS;10049.0;2
1;678700;Valentina;Vinnie;COCONUT_COUPON;SEASHELLS;669.0;15
1;678700;Vladimir;Vinnie;COCONUT_COUPON;SEASHELLS;669.0;1
1;678900;Ruby;Valentina;COCONUT_COUPON;SEASHELLS;670.0;11
1;679400;Valentina;Valentina;COCONUT_COUPON;SEASHELLS;667.0;10
1;679900;Vinnie;Rhianna;COCONUT;SEASHELLS;10046.0;1
1;680300;Vladimir;Vinnie;COCONUT_COUPON;SEASHELLS;673.0;4
1;680300;Valentina;Vinnie;COCONUT_COUPON;SEASHELLS;673.0;16
1;681100;Raj;Vinnie;COCONUT;SEASHELLS;10050.0;9
1;681300;Valentina;Vinnie;COCONUT_COUPON;SEASHELLS;669.0;15
1;681500;Valentina;Ruby;COCONUT_COUPON;SEASHELLS;667.0;17
1;682200;Vinnie;Vinnie;COCONUT;SEASHELLS;10046.0;9
1;683100;Valentina;Vinnie;COCONUT_COUPON;SEASHELLS;662.0;12
1;683500;Valentina;Vinnie;COCONUT_COUPON;SEASHELLS;659.0;10
1;684500;Valentina;Valentina;COCONUT_COUPON;SEASHELLS;662.0;5
1;684600;Valentina;Vinnie;COCONUT_COUPON;SEASHELLS;665.0;12
1;684700;Ruby;Valentina;COCONUT_COUPON;SEASHELLS;665.0;20
1;686100;Vinnie;Rhianna;COCONUT;SEASHELLS;10059.0;2
1;686800;Vinnie;Rhianna;COCONUT;SEASHELLS;10056.0;1
1;687700;Valentina;Rhianna;COCONUT_COUPON;SEASHELLS;668.0;11
1;688300;Valentina;Valentina;COCONUT_COUPON;SEASHELLS;665.0;6
1;688900;Vinnie;Vinnie;COCONUT;SEASHELLS;10056.0;5
1;689200;Raj;Vinnie;COCONUT;SEASHELLS;10057.0;7
1;691700;Vinnie;Vinnie;COCONUT;SEASHELLS;10057.0;9
1;692700;Vinnie;Vinnie;COCONUT;SEASHELLS;10062.0;6
1;693200;Valentina;Vinnie;COCONUT_COUPON;SEASHELLS;669.0;16
1;693700;Valentina;Vinnie;COCONUT_COUPON;SEASHELLS;672.0;19
1;694000;Ruby;Valentina;COCONUT_COUPON;SEASHELLS;673.0;12
1;694300;Valentina;Vinnie;COCONUT_COUPON;SEASHELLS;674.0;13
1;695400;Vinnie;Vinnie;COCONUT;SEASHELLS;10070.0;8
1;695700;Vinnie;Vinnie;COCONUT;SEASHELLS;10070.0;8
1;696600;Vinnie;Vinnie;COCONUT;SEASHELLS;10065.0;9
1;696900;Raj;Vinnie;COCONUT;SEASHELLS;10067.0;10
1;697500;Vinnie;Vinnie;COCONUT;SEASHELLS;10068.0;9
1;698200;Valentina;Ruby;COCONUT_COUPON;SEASHELLS;676.0;14
1;699000;Vinnie;Vinnie;COCONUT;SEASHELLS;10063.0;5
1;699400;Raj;Vinnie;COCONUT;SEASHELLS;10069.0;7
1;700800;Valentina;Vinnie;COCONUT_COUPON;SEASHELLS;680.0;14
1;701200;Valentina;Valentina;COCONUT_COUPON;SEASHELLS;679.0;8
1;702200;Valentina;Vinnie;COCONUT_COUPON;SEASHELLS;683.0;11
1;702700;Vinnie;Rhianna;COCONUT;SEASHELLS;10071.0;2
1;703000;Valentina;Ruby;COCONUT_COUPON;SEASHELLS;684.0;10
1;703600;Vinnie;Vinnie;COCONUT;SEASHELLS;10072.0;10
1;704700;Vinnie;Vinnie;COCONUT;SEASHELLS;10072.0;8
1;704900;Vinnie;Vinnie;COCONUT;SEASHELLS;10073.0;9
1;705400;Vinnie;Vinnie;COCONUT;SEASHELLS;10074.0;9
1;706000;Valentina;Vinnie;COCONUT_COUPON;SEASHELLS;677.0;16
1;706700;Valentina;Vinnie;COCONUT_COUPON;SEASHELLS;673.0;19
1;708700;Valentina;Vinnie;COCONUT_COUPON;SEASHELLS;672.0;10
1;709900;Valentina;Rhianna;COCONUT_COUPON;SEASHELLS;676.0;15
1;710300;Valentina;Vinnie;COCONUT_COUPON;SEASHELLS;672.0;14
1;710900;Vinnie;Vinnie;COCONUT;SEASHELLS;10079.0;10
1;711400;Vinnie;Vinnie;COCONUT;SEASHELLS;10078.0;10
1;712400;Vinnie;Raj;COCONUT;SEASHELLS;10075.0;7
1;713000;Vinnie;Vinnie;COCONUT;SEASHELLS;10074.0;6
1;714000;Vinnie;Raj;COCONUT;SEASHELLS;10077.0;9
1;714800;Valentina;Vinnie;COCONUT_COUPON;SEASHELLS;683.0;18
1;715200;Valentina;Vinnie;COCONUT_COUPON;SEASHELLS;681.0;11
1;715800;Valentina;Vinnie;COCONUT_COUPON;SEASHELLS;681.0;11
1;715800;Raj;Vinnie;COCONUT;SEASHELLS;10079.0;7
1;716500;Valentina;Rhianna;COCONUT_COUPON;SEASHELLS;681.0;13
1;717300;Vinnie;Vinnie;COCONUT;SEASHELLS;10076.0;5
1;718300;Valentina;Vinnie;COCONUT_COUPON;SEASHELLS;681.0;16
1;718300;Ruby;Valentina;COCONUT_COUPON;SEASHELLS;682.0;15
1;719800;Rhianna;Vinnie;COCONUT;SEASHELLS;10073.0;2
1;720300;Valentina;Valentina;COCONUT_COUPON;SEASHELLS;679.0;6
1;721100;Rhianna;Vinnie;COCONUT;SEASHELLS;10070.0;1
1;721500;Vinnie;Vinnie;COCONUT;SEASHELLS;10071.0;7
1;721500;Raj;Vinnie;COCONUT;SEASHELLS;10072.0;7
1;721600;Valentina;Vinnie;COCONUT_COUPON;SEASHELLS;677.0;11
1;721700;Vinnie;Vinnie;COCONUT;SEASHELLS;10071.0;10
1;722200;Vinnie;Vinnie;COCONUT_COUPON;SEASHELLS;676.0;2
1;722200;Rhianna;Vinnie;COCONUT_COUPON;SEASHELLS;676.0;9
1;722300;Valentina;Rhianna;COCONUT_COUPON;SEASHELLS;674.0;12
1;722700;Vinnie;Vinnie;COCONUT;SEASHELLS;10071.0;7
1;722900;Vinnie;Vinnie;COCONUT;SEASHELLS;10070.0;10
1;723200;Valentina;Rhianna;COCONUT_COUPON;SEASHELLS;669.0;10
1;723200;Rhianna;Vinnie;COCONUT;SEASHELLS;10071.0;2
1;723200;Valentina;Valentina;COCONUT_COUPON;SEASHELLS;669.0;5
1;723900;Valentina;Rhianna;COCONUT_COUPON;SEASHELLS;669.0;6
1;724400;Valentina;Vinnie;COCONUT_COUPON;SEASHELLS;672.0;17
1;724700;Vinnie;Vinnie;COCONUT;SEASHELLS;10072.0;8
1;725400;Vinnie;Rhianna;COCONUT;SEASHELLS;10070.0;3
1;725800;Valentina;Vinnie;COCONUT_COUPON;SEASHELLS;665.0;15
1;726100;Vladimir;Ruby;COCONUT_COUPON;SEASHELLS;664.0;2
1;726100;Valentina;Ruby;COCONUT_COUPON;SEASHELLS;664.0;17
1;726200;Vinnie;Vinnie;COCONUT;SEASHELLS;10065.0;10
1;729600;Vinnie;Rhianna;COCONUT;SEASHELLS;10067.0;1
1;730600;Ruby;Valentina;COCONUT_COUPON;SEASHELLS;668.0;12
1;731600;Vinnie;Vinnie;COCONUT;SEASHELLS;10070.0;7
1;732300;Valentina;Vinnie;COCONUT_COUPON;SEASHELLS;665.0;16
1;732400;Vinnie;Vinnie;COCONUT;SEASHELLS;10071.0;8
1;732800;Valentina;Vinnie;COCONUT_COUPON;SEASHELLS;667.0;14
1;733100;Valentina;Vinnie;COCONUT_COUPON;SEASHELLS;670.0;16
1;733100;Vladimir;Vinnie;COCONUT_COUPON;SEASHELLS;670.0;4
1;733400;Valentina;Vinnie;COCONUT_COUPON;SEASHELLS;671.0;11
1;733700;Valentina;Vinnie;COCONUT_COUPON;SEASHELLS;671.0;12
1;733800;Vinnie;Vinnie;COCONUT;SEASHELLS;10074.0;5
1;734200;Valentina;Vinnie;COCONUT_COUPON;SEASHELLS;668.0;15
1;734500;Valentina;Vinnie;COCONUT_COUPON;SEASHELLS;668.0;17
1;734700;Valentina;Vinnie;COCONUT_COUPON;SEASHELLS;669.0;15
1;735200;Valentina;Vinnie;COCONUT_COUPON;SEASHELLS;667.0;11
1;735900;Raj;Vinnie;COCONUT;SEASHELLS;10079.0;10
1;736500;Valentina;Rhianna;COCONUT_COUPON;SEASHELLS;669.0;8
1;739300;Valentina;Vinnie;COCONUT_COUPON;SEASHELLS;667.0;11
1;739800;Vinnie;Rhianna;COCONUT;SEASHELLS;10075.0;3
1;740400;Valentina;Rhianna;COCONUT_COUPON;SEASHELLS;664.0;6
1;740700;Valentina;Ruby;COCONUT_COUPON;SEASHELLS;662.0;16
1;741200;Rhianna;Vinnie;COCONUT;SEASHELLS;10075.0;1
1;743200;Vinnie;Vinnie;COCONUT;SEASHELLS;10084.0;6
1;743600;Vinnie;Vinnie;COCONUT;SEASHELLS;10085.0;5
1;743600;Valentina;Vinnie;COCONUT_COUPON;SEASHELLS;661.0;19
1;744200;Valentina;Vinnie;COCONUT_COUPON;SEASHELLS;662.0;11
1;744200;Vinnie;Raj;COCONUT;SEASHELLS;10087.0;5
1;744600;Vladimir;Ruby;COCONUT_COUPON;SEASHELLS;660.0;2
1;744600;Valentina;Ruby;COCONUT_COUPON;SEASHELLS;660.0;15
1;745100;Valentina;Rhianna;COCONUT_COUPON;SEASHELLS;656.0;15
1;746000;Valentina;Ruby;COCONUT_COUPON;SEASHELLS;658.0;20
1;747400;Vinnie;Vinnie;COCONUT;SEASHELLS;10085.0;5
1;747800;Raj;Vinnie;COCONUT;SEASHELLS;10086.0;10
1;747900;Vinnie;Raj;COCONUT;SEASHELLS;10084.0;10
1;748000;Valentina;Vinnie;COCONUT_COUPON;SEASHELLS;664.0;11
1;749100;Ruby;Valentina;COCONUT_COUPON;SEASHELLS;669.0;12
1;749200;Vinnie;Rhianna;COCONUT;SEASHELLS;10084.0;1
1;749600;Vinnie;Vinnie;COCONUT;SEASHELLS;10085.0;8
1;749600;Valentina;Vinnie;COCONUT_COUPON;SEASHELLS;671.0;20
1;749900;Valentina;Valentina;COCONUT_COUPON;SEASHELLS;668.0;8
1;751500;Vinnie;Rhianna;COCONUT;SEASHELLS;10086.0;3
1;751600;Valentina;Ruby;COCONUT_COUPON;SEASHELLS;667.0;19
1;752000;Valentina;Valentina;COCONUT_COUPON;SEASHELLS;669.0;9
1;753900;Vinnie;Raj;COCONUT;SEASHELLS;10084.0;7
1;754100;Raj;Vinnie;COCONUT;SEASHELLS;10087.0;6
1;754200;Vinnie;Vinnie;COCONUT;SEASHELLS;10086.0;8
1;755300;Valentina;Vinnie;COCONUT_COUPON;SEASHELLS;664.0;11
1;755400;Raj;Vinnie;COCONUT;SEASHELLS;10086.0;5
1;755500;Vinnie;Vinnie;COCONUT;SEASHELLS;10084.0;10
1;755600;Valentina;Vinnie;COCONUT_COUPON;SEASHELLS;661.0;11
1;755800;Valentina;Rhianna;COCONUT_COUPON;SEASHELLS;660.0;10
1;756100;Valentina;Vinnie;COCONUT_COUPON;SEASHELLS;658.0;16
1;756600;Valentina;Vinnie;COCONUT_COUPON;SEASHELLS;659.0;14
1;757200;Vinnie;Rhianna;COCONUT;SEASHELLS;10083.0;3
1;758600;Vinnie;Vinnie;COCONUT;SEASHELLS;10078.0;5
1;758600;Valentina;Vinnie;COCONUT_COUPON;SEASHELLS;653.0;13
1;759000;Valentina;Vinnie;COCONUT_COUPON;SEASHELLS;654.0;13
1;759400;Valentina;Vinnie;COCONUT_COUPON;SEASHELLS;652.0;14
1;759700;Valentina;Vinnie;COCONUT_COUPON;SEASHELLS;652.0;13
1;760300;Valentina;Ruby;COCONUT_COUPON;SEASHELLS;658.0;15
1;760800;Vinnie;Vinnie;COCONUT;SEASHELLS;10080.0;5
1;761400;Valentina;Rhianna;COCONUT_COUPON;SEASHELLS;663.0;9
1;761900;Valentina;Ruby;COCONUT_COUPON;SEASHELLS;659.0;11
1;762100;Vinnie;Vinnie;COCONUT;SEASHELLS;10081.0;9
1;764500;Valentina;Vinnie;COCONUT_COUPON;SEASHELLS;667.0;18
1;764700;Valentina;Vinnie;COCONUT_COUPON;SEASHELLS;666.0;18
1;766300;Valentina;Valentina;COCONUT_COUPON;SEASHELLS;668.0;6
1;766500;Valentina;Rhianna;COCONUT_COUPON;SEASHELLS;667.0;11
1;766700;Vinnie;Rhianna;COCONUT;SEASHELLS;10088.0;2
1;767000;Valentina;Vinnie;COCONUT_COUPON;SEASHELLS;667.0;12
1;768000;Raj;Vinnie;COCONUT;SEASHELLS;10089.0;9
1;768100;Vinnie;Rhianna;COCONUT;SEASHELLS;10088.0;3
1;769500;Valentina;Vinnie;COCONUT_COUPON;SEASHELLS;669.0;13
1;769800;Raj;Vinnie;COCONUT;SEASHELLS;10088.0;10
1;772000;Valentina;Valentina;COCONUT_COUPON;SEASHELLS;663.0;10
1;772000;Valentina;Rhianna;COCONUT_COUPON;SEASHELLS;663.0;7
1;772600;Valentina;Ruby;COCONUT_COUPON;SEASHELLS;660.0;14
1;772700;Ruby;Valentina;COCONUT_COUPON;SEASHELLS;662.0;13
1;773200;Valentina;Vinnie;COCONUT_COUPON;SEASHELLS;667.0;12
1;773700;Vinnie;Vinnie;COCONUT;SEASHELLS;10087.0;5
1;773900;Valentina;Vinnie;COCONUT_COUPON;SEASHELLS;669.0;11
1;774000;Raj;Vinnie;COCONUT;SEASHELLS;10089.0;7
1;774300;Valentina;Vinnie;COCONUT_COUPON;SEASHELLS;671.0;18
1;774800;Valentina;Vinnie;COCONUT_COUPON;SEASHELLS;670.0;14
1;774900;Valentina;Rhianna;COCONUT_COUPON;SEASHELLS;668.0;15
1;775200;Vinnie;Vinnie;COCONUT;SEASHELLS;10092.0;8
1;775200;Raj;Vinnie;COCONUT;SEASHELLS;10093.0;8
1;775500;Valentina;Vinnie;COCONUT_COUPON;SEASHELLS;671.0;15
1;776700;Ruby;Valentina;COCONUT_COUPON;SEASHELLS;664.0;10
1;776900;Ruby;Valentina;COCONUT_COUPON;SEASHELLS;667.0;15
1;777400;Vinnie;Vinnie;COCONUT;SEASHELLS;10087.0;5
1;777400;Valentina;Vinnie;COCONUT_COUPON;SEASHELLS;666.0;14
1;778000;Vinnie;Raj;COCONUT;SEASHELLS;10087.0;6
1;779500;Vinnie;Vinnie;COCONUT;SEASHELLS;10092.0;10
1;780300;Valentina;Vinnie;COCONUT_COUPON;SEASHELLS;666.0;19
1;780400;Vladimir;Vinnie;COCONUT_COUPON;SEASHELLS;666.0;3
1;780400;Valentina;Vinnie;COCONUT_COUPON;SEASHELLS;666.0;17
1;780500;Vladimir;Ruby;COCONUT_COUPON;SEASHELLS;666.0;7
1;780500;Valentina;Vinnie;COCONUT_COUPON;SEASHELLS;666.0;15
1;780500;Valentina;Ruby;COCONUT_COUPON;SEASHELLS;666.0;13
1;781300;Valentina;Vinnie;COCONUT_COUPON;SEASHELLS;665.0;19
1;781900;Valentina;Vinnie;COCONUT_COUPON;SEASHELLS;667.0;15
1;782000;Ruby;Valentina;COCONUT_COUPON;SEASHELLS;668.0;12
1;783200;Vinnie;Vinnie;COCONUT;SEASHELLS;10088.0;9
1;783800;Vinnie;Vinnie;COCONUT;SEASHELLS;10089.0;5
1;784700;Ruby;Valentina;COCONUT_COUPON;SEASHELLS;677.0;10
1;785200;Valentina;Vinnie;COCONUT_COUPON;SEASHELLS;673.0;15
1;786600;Vinnie;Vinnie;COCONUT;SEASHELLS;10084.0;10
1;787000;Valentina;Ruby;COCONUT_COUPON;SEASHELLS;671.0;18
1;787400;Valentina;Vinnie;COCONUT_COUPON;SEASHELLS;672.0;10
1;787800;Raj;Vinnie;COCONUT;SEASHELLS;10088.0;10
1;788400;Valentina;Vinnie;COCONUT_COUPON;SEASHELLS;668.0;19
1;788600;Valentina;Vinnie;COCONUT_COUPON;SEASHELLS;667.0;10
1;789400;Rhianna;Vinnie;COCONUT;SEASHELLS;10087.0;3
1;789700;Vinnie;Vinnie;COCONUT;SEASHELLS;10086.0;9
1;789800;Vinnie;Vinnie;COCONUT;SEASHELLS;10087.0;7
1;789900;Rhianna;Vinnie;COCONUT;SEASHELLS;10089.0;3
1;790300;Valentina;Vinnie;COCONUT_COUPON;SEASHELLS;662.0;20
1;791800;Valentina;Vinnie;COCONUT_COUPON;SEASHELLS;664.0;20
1;794300;Raj;Vinnie;COCONUT;SEASHELLS;10080.0;7
1;794900;Valentina;Rhianna;COCONUT_COUPON;SEASHELLS;673.0;6
1;795300;Vinnie;Vinnie;COCONUT;SEASHELLS;10077.0;6
1;795400;Vinnie;Vinnie;COCONUT;SEASHELLS;10077.0;7
1;795800;Valentina;Vinnie;COCONUT_COUPON;SEASHELLS;670.0;14
1;796100;Vladimir;Ruby;COCONUT_COUPON;SEASHELLS;670.0;4
1;796100;Valentina;Ruby;COCONUT_COUPON;SEASHELLS;670.0;15
1;798900;Valentina;Valentina;COCONUT_COUPON;SEASHELLS;682.0;7
1;799400;Vinnie;Raj;COCONUT;SEASHELLS;10085.0;9
1;800300;Vinnie;Vinnie;COCONUT;SEASHELLS;10089.0;5
1;800800;Valentina;Vinnie;COCONUT_COUPON;SEASHELLS;678.0;15
1;802400;Valentina;Vinnie;COCONUT_COUPON;SEASHELLS;682.0;14
1;803000;Valentina;Rhianna;COCONUT_COUPON;SEASHELLS;684.0;15
1;803400;Vladimir;Ruby;COCONUT_COUPON;SEASHELLS;684.0;2
1;803400;Valentina;Ruby;COCONUT_COUPON;SEASHELLS;684.0;12
1;803400;Valentina;Vinnie;COCONUT_COUPON;SEASHELLS;684.0;16
1;803500;Valentina;Vinnie;COCONUT_COUPON;SEASHELLS;687.0;17
1;804700;Valentina;Vinnie;COCONUT_COUPON;SEASHELLS;688.0;10
1;805400;Vinnie;Vinnie;COCONUT;SEASHELLS;10092.0;10
1;806000;Valentina;Valentina;COCONUT_COUPON;SEASHELLS;688.0;10
1;806600;Vinnie;Vinnie;COCONUT;SEASHELLS;10096.0;8
1;808600;Valentina;Valentina;COCONUT_COUPON;SEASHELLS;689.0;10
1;809900;Vinnie;Raj;COCONUT;SEASHELLS;10099.0;9
1;811300;Vinnie;Vinnie;COCONUT;SEASHELLS;10097.0;8
1;811500;Vinnie;Raj;COCONUT;SEASHELLS;10097.0;6
1;811500;Valentina;Vinnie;COCONUT_COUPON;SEASHELLS;682.0;17
1;813900;Valentina;Ruby;COCONUT_COUPON;SEASHELLS;682.0;14
1;814500;Raj;Vinnie;COCONUT;SEASHELLS;10101.0;5
1;814900;Vinnie;Vinnie;COCONUT;SEASHELLS;10098.0;5
1;815300;Valentina;Vinnie;COCONUT_COUPON;SEASHELLS;680.0;16
1;815800;Vinnie;Vinnie;COCONUT;SEASHELLS;10100.0;7
1;816300;Vinnie;Vinnie;COCONUT;SEASHELLS;10103.0;5
1;816300;Valentina;Valentina;COCONUT_COUPON;SEASHELLS;684.0;6
1;816600;Valentina;Vinnie;COCONUT_COUPON;SEASHELLS;690.0;14
1;817100;Vinnie;Raj;COCONUT;SEASHELLS;10109.0;7
1;820200;Valentina;Ruby;COCONUT_COUPON;SEASHELLS;702.0;11
1;820700;Valentina;Vinnie;COCONUT_COUPON;SEASHELLS;699.0;12
1;821100;Valentina;Ruby;COCONUT_COUPON;SEASHELLS;698.0;18
1;822000;Rhianna;Vinnie;COCONUT;SEASHELLS;10106.0;1
1;822500;Valentina;Vinnie;COCONUT_COUPON;SEASHELLS;695.0;13
1;822700;Valentina;Ruby;COCONUT_COUPON;SEASHELLS;698.0;16
1;823400;Ruby;Valentina;COCONUT_COUPON;SEASHELLS;700.0;11
1;823500;Valentina;Vinnie;COCONUT_COUPON;SEASHELLS;699.0;11
1;824300;Vinnie;Vinnie;COCONUT;SEASHELLS;10107.0;8
1;824500;Valentina;Vinnie;COCONUT_COUPON;SEASHELLS;699.0;19
1;824600;Valentina;Vinnie;COCONUT_COUPON;SEASHELLS;700.0;13
1;824700;Valentina;Vinnie;COCONUT_COUPON;SEASHELLS;700.0;19
1;826100;Vinnie;Rhianna;COCONUT;SEASHELLS;10106.0;2
1;826500;Valentina;Vinnie;COCONUT_COUPON;SEASHELLS;697.0;12
1;829400;Vinnie;Vinnie;COCONUT;SEASHELLS;10106.0;5
1;830400;Ruby;Valentina;COCONUT_COUPON;SEASHELLS;693.0;15
1;830700;Raj;Vinnie;COCONUT;SEASHELLS;10108.0;9
1;830800;Valentina;Rhianna;COCONUT_COUPON;SEASHELLS;692.0;9
1;832500;Ruby;Valentina;COCONUT_COUPON;SEASHELLS;695.0;14
1;833900;Vladimir;Vinnie;COCONUT_COUPON;SEASHELLS;699.0;1
1;833900;Valentina;Vinnie;COCONUT_COUPON;SEASHELLS;699.0;19
1;834500;Valentina;Vinnie;COCONUT_COUPON;SEASHELLS;699.0;16
1;834500;Vladimir;Vinnie;COCONUT_COUPON;SEASHELLS;699.0;2
1;834700;Valentina;Vinnie;COCONUT_COUPON;SEASHELLS;700.0;13
1;834900;Valentina;Valentina;COCONUT_COUPON;SEASHELLS;704.0;4
1;835000;Valentina;Vinnie;COCONUT_COUPON;SEASHELLS;706.0;19
1;835300;Valentina;Vinnie;COCONUT_COUPON;SEASHELLS;705.0;13
1;835500;Vinnie;Raj;COCONUT;SEASHELLS;10116.0;9
1;835600;Raj;Vinnie;COCONUT;SEASHELLS;10117.0;6
1;836100;Vinnie;Vinnie;COCONUT;SEASHELLS;10116.0;10
1;836700;Valentina;Vinnie;COCONUT_COUPON;SEASHELLS;699.0;14
1;836700;Rhianna;Vinnie;COCONUT;SEASHELLS;10112.0;2
1;837300;Valentina;Vinnie;COCONUT_COUPON;SEASHELLS;698.0;12
1;837900;Vinnie;Vinnie;COCONUT;SEASHELLS;10108.0;6
1;838500;Valentina;Ruby;COCONUT_COUPON;SEASHELLS;700.0;16
1;838700;Rhianna;Vinnie;COCONUT;SEASHELLS;10117.0;3
1;839800;Valentina;Vinnie;COCONUT_COUPON;SEASHELLS;698.0;17
1;841300;Vinnie;Vinnie;COCONUT;SEASHELLS;10115.0;5
1;841400;Valentina;Ruby;COCONUT_COUPON;SEASHELLS;695.0;15
1;842100;Valentina;Vinnie;COCONUT_COUPON;SEASHELLS;692.0;16
1;844100;Valentina;Vinnie;COCONUT_COUPON;SEASHELLS;694.0;14
1;844200;Vinnie;Rhianna;COCONUT;SEASHELLS;10106.0;2
1;844600;Valentina;Vinnie;COCONUT_COUPON;SEASHELLS;700.0;19
1;844700;Valentina;Valentina;COCONUT_COUPON;SEASHELLS;699.0;9
1;844700;Raj;Vinnie;COCONUT;SEASHELLS;10112.0;8
1;845000;Valentina;Vinnie;COCONUT_COUPON;SEASHELLS;701.0;12
1;845500;Valentina;Vinnie;COCONUT_COUPON;SEASHELLS;704.0;11
1;846000;Vinnie;Raj;COCONUT;SEASHELLS;10113.0;9
1;846900;Valentina;Valentina;COCONUT_COUPON;SEASHELLS;706.0;7
1;848900;Ruby;Valentina;COCONUT_COUPON;SEASHELLS;702.0;20
1;849500;Valentina;Vinnie;COCONUT_COUPON;SEASHELLS;698.0;16
1;849600;Valentina;Valentina;COCONUT_COUPON;SEASHELLS;700.0;6
1;850000;Vinnie;Vinnie;COCONUT;SEASHELLS;10116.0;7
1;854200;Valentina;Vinnie;COCONUT_COUPON;SEASHELLS;693.0;13
1;854600;Valentina;Vinnie;COCONUT_COUPON;SEASHELLS;695.0;20
1;855500;Vinnie;Vinnie;COCONUT;SEASHELLS;10105.0;6
1;856800;Valentina;Rhianna;COCONUT_COUPON;SEASHELLS;691.0;13
1;857000;Vinnie;Raj;COCONUT;SEASHELLS;10106.0;7
1;857600;Raj;Vinnie;COCONUT;SEASHELLS;10110.0;7
1;857900;Valentina;Vinnie;COCONUT_COUPON;SEASHELLS;689.0;10
1;858600;Ruby;Valentina;COCONUT_COUPON;SEASHELLS;692.0;16
1;858600;Ruby;Vladimir;COCONUT_COUPON;SEASHELLS;692.0;1
1;858700;Valentina;Vinnie;COCONUT_COUPON;SEASHELLS;691.0;15
1;858700;Vladimir;Vinnie;COCONUT_COUPON;SEASHELLS;691.0;2
1;858800;Valentina;Vinnie;COCONUT_COUPON;SEASHELLS;691.0;10
1;859000;Valentina;Vinnie;COCONUT_COUPON;SEASHELLS;692.0;11
1;860100;Vinnie;Rhianna;COCONUT;SEASHELLS;10104.0;3
1;860100;Valentina;Vinnie;COCONUT_COUPON;SEASHELLS;688.0;17
1;860400;Valentina;Vinnie;COCONUT_COUPON;SEASHELLS;689.0;14
1;861700;Vinnie;Rhianna;COCONUT;SEASHELLS;10096.0;3
1;861900;Vinnie;Raj;COCONUT;SEASHELLS;10098.0;10
1;863000;Vinnie;Vinnie;COCONUT;SEASHELLS;10096.0;6
1;863600;Vinnie;Vinnie;COCONUT;SEASHELLS;10097.0;5
1;863700;Valentina;Vinnie;COCONUT_COUPON;SEASHELLS;685.0;19
1;864400;Valentina;Vinnie;COCONUT_COUPON;SEASHELLS;686.0;15
1;865700;Vladimir;Vinnie;COCONUT_COUPON;SEASHELLS;691.0;3
1;865700;Valentina;Vinnie;COCONUT_COUPON;SEASHELLS;691.0;15
1;866000;Valentina;Ruby;COCONUT_COUPON;SEASHELLS;691.0;11
1;866400;Vinnie;Vinnie;COCONUT;SEASHELLS;10103.0;9
1;866500;Vinnie;Vinnie;COCONUT;SEASHELLS;10103.0;6
1;867200;Valentina;Ruby;COCONUT_COUPON;SEASHELLS;692.0;14
1;869200;Valentina;Ruby;COCONUT_COUPON;SEASHELLS;695.0;13
1;870900;Valentina;Rhianna;COCONUT_COUPON;SEASHELLS;699.0;14
1;870900;Valentina;Ruby;COCONUT_COUPON;SEASHELLS;699.0;13
1;870900;Raj;Vinnie;COCONUT;SEASHELLS;10113.0;5
1;871500;Vinnie;Vinnie;COCONUT;SEASHELLS;10111.0;5
1;871700;Vladimir;Valentina;COCONUT_COUPON;SEASHELLS;696.0;4
1;871700;Valentina;Vinnie;COCONUT_COUPON;SEASHELLS;696.0;11
1;871700;Valentina;Valentina;COCONUT_COUPON;SEASHELLS;696.0;5
1;873100;Vinnie;Vinnie;COCONUT;SEASHELLS;10113.0;8
1;873700;Valentina;Vinnie;COCONUT_COUPON;SEASHELLS;697.0;17
1;873800;Ruby;Valentina;COCONUT_COUPON;SEASHELLS;696.0;10
1;874400;Valentina;Rhianna;COCONUT_COUPON;SEASHELLS;693.0;9
1;874500;Vinnie;Vinnie;COCONUT;SEASHELLS;10110.0;8
1;874700;Vinnie;Rhianna;COCONUT;SEASHELLS;10110.0;3
1;875700;Vinnie;Vinnie;COCONUT;SEASHELLS;10114.0;10
1;876500;Valentina;Valentina;COCONUT_COUPON;SEASHELLS;694.0;4
1;876600;Valentina;Ruby;COCONUT_COUPON;SEASHELLS;695.0;10
1;877800;Vinnie;Raj;COCONUT;SEASHELLS;10110.0;8
1;878700;Valentina;Rhianna;COCONUT_COUPON;SEASHELLS;688.0;5
1;879200;Vinnie;Vinnie;COCONUT;SEASHELLS;10115.0;10
1;880400;Vinnie;Vinnie;COCONUT;SEASHELLS;10114.0;10
1;881400;Vinnie;Vinnie;COCONUT;SEASHELLS;10113.0;5
1;881600;Vinnie;Vinnie;COCONUT;SEASHELLS;10114.0;10
1;881800;Vinnie;Vinnie;COCONUT;SEASHELLS;10114.0;7
1;882300;Valentina;Valentina;COCONUT_COUPON;SEASHELLS;684.0;4
1;882500;Ruby;Valentina;COCONUT_COUPON;SEASHELLS;684.0;19
1;883100;Valentina;Valentina;COCONUT_COUPON;SEASHELLS;687.0;10
1;883700;Valentina;Valentina;COCONUT_COUPON;SEASHELLS;689.0;4
1;885100;Vinnie;Vinnie;COCONUT;SEASHELLS;10112.0;6
1;885700;Valentina;Vinnie;COCONUT_COUPON;SEASHELLS;689.0;17
1;885700;Vinnie;Vinnie;COCONUT;SEASHELLS;10112.0;7
1;885800;Vinnie;Vinnie;COCONUT;SEASHELLS;10113.0;5
1;886200;Vinnie;Vinnie;COCONUT;SEASHELLS;10109.0;5
1;887000;Valentina;Ruby;COCONUT_COUPON;SEASHELLS;683.0;12
1;887300;Vinnie;Raj;COCONUT;SEASHELLS;10115.0;6
1;888400;Rhianna;Vinnie;COCONUT;SEASHELLS;10113.0;1
1;889000;Valentina;Ruby;COCONUT_COUPON;SEASHELLS;681.0;6
1;889000;Vladimir;Ruby;COCONUT_COUPON;SEASHELLS;681.0;8
1;889000;Valentina;Vinnie;COCONUT_COUPON;SEASHELLS;681.0;14
1;889100;Valentina;Vinnie;COCONUT_COUPON;SEASHELLS;682.0;18
1;890500;Vinnie;Vinnie;COCONUT;SEASHELLS;10111.0;8
1;890500;Valentina;Vinnie;COCONUT_COUPON;SEASHELLS;679.0;18
1;890500;Vinnie;Raj;COCONUT;SEASHELLS;10111.0;7
1;890600;Vinnie;Raj;COCONUT;SEASHELLS;10112.0;5
1;891100;Vinnie;Rhianna;COCONUT;SEASHELLS;10113.0;3
1;892500;Valentina;Valentina;COCONUT_COUPON;SEASHELLS;695.0;7
1;892700;Vinnie;Vinnie;COCONUT;SEASHELLS;10120.0;6
1;893400;Vinnie;Raj;COCONUT;SEASHELLS;10117.0;10
1;893600;Ruby;Valentina;COCONUT_COUPON;SEASHELLS;695.0;19
1;894100;Ruby;Valentina;COCONUT_COUPON;SEASHELLS;692.0;12
1;894600;Valentina;Valentina;COCONUT_COUPON;SEASHELLS;692.0;9
1;895100;Valentina;Ruby;COCONUT_COUPON;SEASHELLS;691.0;19
1;895400;Vinnie;Vinnie;COCONUT;SEASHELLS;10111.0;9
1;895800;Valentina;Vinnie;COCONUT_COUPON;SEASHELLS;692.0;16
1;896500;Vinnie;Vinnie;COCONUT;SEASHELLS;10117.0;8
1;897000;Vinnie;Vinnie;COCONUT;SEASHELLS;10115.0;6
1;897000;Valentina;Vinnie;COCONUT_COUPON;SEASHELLS;695.0;11
1;897300;Valentina;Ruby;COCONUT_COUPON;SEASHELLS;694.0;15
1;897500;Valentina;Valentina;COCONUT_COUPON;SEASHELLS;693.0;6
1;898600;Valentina;Vinnie;COCONUT_COUPON;SEASHELLS;690.0;15
1;898900;Vinnie;Rhianna;COCONUT;SEASHELLS;10107.0;1
1;900400;Valentina;Vinnie;COCONUT_COUPON;SEASHELLS;691.0;18
1;901000;Valentina;Ruby;COCONUT_COUPON;SEASHELLS;690.0;15
1;901100;Vinnie;Vinnie;COCONUT;SEASHELLS;10101.0;10
1;901500;Rhianna;Vinnie;COCONUT;SEASHELLS;10105.0;3
1;902900;Valentina;Vinnie;COCONUT_COUPON;SEASHELLS;689.0;17
1;902900;Vinnie;Vinnie;COCONUT;SEASHELLS;10105.0;10
1;903400;Valentina;Ruby;COCONUT_COUPON;SEASHELLS;686.0;10
1;904400;Vinnie;Vinnie;COCONUT;SEASHELLS;10107.0;9
1;904500;Valentina;Vinnie;COCONUT_COUPON;SEASHELLS;685.0;14
1;904600;Valentina;Ruby;COCONUT_COUPON;SEASHELLS;683.0;19
1;904800;Valentina;Ruby;COCONUT_COUPON;SEASHELLS;684.0;7
1;904800;Vladimir;Ruby;COCONUT_COUPON;SEASHELLS;684.0;3
1;904800;Valentina;Vinnie;COCONUT_COUPON;SEASHELLS;684.0;12
1;904900;Vinnie;Vinnie;COCONUT;SEASHELLS;10104.0;9
1;905000;Vinnie;Vinnie;COCONUT;SEASHELLS;10105.0;10
1;905200;Raj;Vinnie;COCONUT;SEASHELLS;10108.0;7
1;905300;Valentina;Vinnie;COCONUT_COUPON;SEASHELLS;685.0;18
1;905300;Valentina;Rhianna;COCONUT_COUPON;SEASHELLS;685.0;5
1;906800;Valentina;Vinnie;COCONUT_COUPON;SEASHELLS;678.0;15
1;907800;Raj;Vinnie;COCONUT;SEASHELLS;10098.0;9
1;907900;Valentina;Rhianna;COCONUT_COUPON;SEASHELLS;677.0;11
1;909300;Valentina;Vinnie;COCONUT_COUPON;SEASHELLS;679.0;18
1;910000;Valentina;Vinnie;COCONUT_COUPON;SEASHELLS;684.0;19
1;912200;Vinnie;Vinnie;COCONUT;SEASHELLS;10109.0;9
1;913400;Vinnie;Raj;COCONUT;SEASHELLS;10110.0;9
1;913400;Valentina;Vinnie;COCONUT_COUPON;SEASHELLS;680.0;16
1;914200;Vinnie;Vinnie;COCONUT;SEASHELLS;10108.0;7
1;914600;Vinnie;Vinnie;COCONUT;SEASHELLS;10106.0;10
1;915200;Valentina;Vinnie;COCONUT_COUPON;SEASHELLS;681.0;11
1;916500;Vinnie;Rhianna;COCONUT;SEASHELLS;10108.0;1
1;917200;Valentina;Rhianna;COCONUT_COUPON;SEASHELLS;680.0;14
1;918300;Valentina;Vinnie;COCONUT_COUPON;SEASHELLS;681.0;13
1;918900;Valentina;Vinnie;COCONUT_COUPON;SEASHELLS;684.0;13
1;920000;Vinnie;Vinnie;COCONUT;SEASHELLS;10109.0;5
1;920200;Valentina;Vinnie;COCONUT_COUPON;SEASHELLS;681.0;14
1;921100;Valentina;Vinnie;COCONUT_COUPON;SEASHELLS;675.0;16
1;921300;Vinnie;Rhianna;COCONUT_COUPON;SEASHELLS;675.0;13
1;921300;Valentina;Rhianna;COCONUT_COUPON;SEASHELLS;674.0;1
1;921500;Ruby;Valentina;COCONUT_COUPON;SEASHELLS;675.0;15
1;921600;Valentina;Vinnie;COCONUT_COUPON;SEASHELLS;673.0;10
1;922100;Valentina;Rhianna;COCONUT_COUPON;SEASHELLS;673.0;8
1;922700;Vinnie;Rhianna;COCONUT;SEASHELLS;10104.0;3
1;923900;Valentina;Ruby;COCONUT_COUPON;SEASHELLS;675.0;0
1;923900;Vladimir;Ruby;COCONUT_COUPON;SEASHELLS;675.0;10
1;923900;Vladimir;Vinnie;COCONUT_COUPON;SEASHELLS;675.0;1
1;923900;Valentina;Vinnie;COCONUT_COUPON;SEASHELLS;675.0;17
1;924300;Valentina;Rhianna;COCONUT_COUPON;SEASHELLS;674.0;11
1;926300;Valentina;Vinnie;COCONUT_COUPON;SEASHELLS;672.0;14
1;928200;Ruby;Valentina;COCONUT_COUPON;SEASHELLS;669.0;12
1;931700;Vinnie;Raj;COCONUT;SEASHELLS;10105.0;6
1;932300;Vinnie;Vinnie;COCONUT;SEASHELLS;10105.0;6
1;933200;Valentina;Vinnie;COCONUT_COUPON;SEASHELLS;684.0;18
1;934100;Rhianna;Vinnie;COCONUT;SEASHELLS;10107.0;2
1;934500;Ruby;Valentina;COCONUT_COUPON;SEASHELLS;687.0;18
1;936400;Vladimir;Rhianna;COCONUT_COUPON;SEASHELLS;682.0;8
1;936400;Vladimir;Vinnie;COCONUT_COUPON;SEASHELLS;682.0;4
1;936400;Valentina;Rhianna;COCONUT_COUPON;SEASHELLS;682.0;0
1;936400;Valentina;Vinnie;COCONUT_COUPON;SEASHELLS;682.0;16
1;937100;Valentina;Rhianna;COCONUT_COUPON;SEASHELLS;687.0;11
1;937300;Valentina;Vinnie;COCONUT_COUPON;SEASHELLS;686.0;16
1;937600;Valentina;Vinnie;COCONUT_COUPON;SEASHELLS;686.0;13
1;938700;Valentina;Vinnie;COCONUT_COUPON;SEASHELLS;691.0;10
1;939700;Vinnie;Vinnie;COCONUT;SEASHELLS;10111.0;6
1;939700;Raj;Vinnie;COCONUT;SEASHELLS;10112.0;5
1;940500;Valentina;Vinnie;COCONUT_COUPON;SEASHELLS;693.0;10
1;940900;Valentina;Rhianna;COCONUT_COUPON;SEASHELLS;695.0;7
1;942600;Vinnie;Vinnie;COCONUT;SEASHELLS;10107.0;5
1;942700;Valentina;Rhianna;COCONUT_COUPON;SEASHELLS;689.0;7
1;943100;Valentina;Ruby;COCONUT_COUPON;SEASHELLS;690.0;13
1;943100;Vinnie;Vinnie;COCONUT;SEASHELLS;10109.0;6
1;943800;Rhianna;Vinnie;COCONUT;SEASHELLS;10112.0;1
1;944100;Vinnie;Vinnie;COCONUT;SEASHELLS;10107.0;6
1;944300;Vinnie;Vinnie;COCONUT;SEASHELLS;10107.0;6
1;945300;Vladimir;Ruby;COCONUT_COUPON;SEASHELLS;687.0;2
1;945300;Valentina;Ruby;COCONUT_COUPON;SEASHELLS;687.0;17
1;945400;Valentina;Ruby;COCONUT_COUPON;SEASHELLS;689.0;13
1;946200;Valentina;Vinnie;COCONUT_COUPON;SEASHELLS;686.0;13
1;946200;Ruby;Valentina;COCONUT_COUPON;SEASHELLS;687.0;15
1;947300;Valentina;Vinnie;COCONUT_COUPON;SEASHELLS;684.0;20
1;947800;Valentina;Vinnie;COCONUT_COUPON;SEASHELLS;681.0;12
1;948200;Vinnie;Vinnie;COCONUT;SEASHELLS;10104.0;10
1;948300;Ruby;Valentina;COCONUT_COUPON;SEASHELLS;683.0;12
1;948800;Valentina;Valentina;COCONUT_COUPON;SEASHELLS;684.0;7
1;949000;Valentina;Vinnie;COCONUT_COUPON;SEASHELLS;684.0;16
1;949700;Valentina;Vinnie;COCONUT_COUPON;SEASHELLS;688.0;16
1;949700;Valentina;Valentina;COCONUT_COUPON;SEASHELLS;688.0;6
1;949900;Vladimir;Valentina;COCONUT_COUPON;SEASHELLS;687.0;7
1;949900;Vinnie;Vinnie;COCONUT;SEASHELLS;10112.0;9
1;950300;Valentina;Vinnie;COCONUT_COUPON;SEASHELLS;685.0;14
1;950400;Vinnie;Raj;COCONUT;SEASHELLS;10108.0;8
1;950600;Raj;Vinnie;COCONUT;SEASHELLS;10110.0;6
1;950700;Valentina;Rhianna;COCONUT_COUPON;SEASHELLS;680.0;13
1;950800;Vinnie;Raj;COCONUT;SEASHELLS;10107.0;6
1;951300;Vinnie;Raj;COCONUT;SEASHELLS;10104.0;8
1;953700;Vinnie;Vinnie;COCONUT;SEASHELLS;10112.0;5
1;955100;Valentina;Vinnie;COCONUT_COUPON;SEASHELLS;683.0;14
1;955400;Valentina;Rhianna;COCONUT_COUPON;SEASHELLS;682.0;10
1;955400;Vinnie;Raj;COCONUT;SEASHELLS;10108.0;6
1;956100;Valentina;Vinnie;COCONUT_COUPON;SEASHELLS;677.0;17
1;956300;Rhianna;Vinnie;COCONUT;SEASHELLS;10111.0;1
1;957100;Valentina;Vinnie;COCONUT_COUPON;SEASHELLS;678.0;16
1;957600;Valentina;Vinnie;COCONUT_COUPON;SEASHELLS;676.0;10
1;957900;Valentina;Ruby;COCONUT_COUPON;SEASHELLS;676.0;13
1;958000;Valentina;Vinnie;COCONUT_COUPON;SEASHELLS;678.0;16
1;958600;Vinnie;Vinnie;COCONUT;SEASHELLS;10113.0;8
1;958600;Valentina;Rhianna;COCONUT_COUPON;SEASHELLS;678.0;11
1;958800;Valentina;Vinnie;COCONUT_COUPON;SEASHELLS;681.0;20
1;959000;Vinnie;Vinnie;COCONUT;SEASHELLS;10113.0;7
1;959300;Valentina;Vinnie;COCONUT_COUPON;SEASHELLS;677.0;15
1;959400;Raj;Vinnie;COCONUT;SEASHELLS;10114.0;5
1;959600;Valentina;Vinnie;COCONUT_COUPON;SEASHELLS;679.0;14
1;960300;Valentina;Ruby;COCONUT_COUPON;SEASHELLS;681.0;12
1;961100;Vladimir;Valentina;COCONUT_COUPON;SEASHELLS;689.0;4
1;962600;Valentina;Valentina;COCONUT_COUPON;SEASHELLS;693.0;6
1;963000;Valentina;Vinnie;COCONUT_COUPON;SEASHELLS;690.0;11
1;963800;Valentina;Valentina;COCONUT_COUPON;SEASHELLS;691.0;7
1;964000;Valentina;Vinnie;COCONUT_COUPON;SEASHELLS;690.0;16
1;966800;Vinnie;Vinnie;COCONUT;SEASHELLS;10118.0;7
1;968300;Valentina;Vinnie;COCONUT_COUPON;SEASHELLS;683.0;16
1;968900;Valentina;Vinnie;COCONUT_COUPON;SEASHELLS;680.0;10
1;970300;Valentina;Ruby;COCONUT_COUPON;SEASHELLS;681.0;11
1;970800;Valentina;Valentina;COCONUT_COUPON;SEASHELLS;682.0;6
1;971500;Valentina;Vinnie;COCONUT_COUPON;SEASHELLS;682.0;13
1;971800;Valentina;Vinnie;COCONUT_COUPON;SEASHELLS;679.0;17
1;971900;Valentina;Rhianna;COCONUT_COUPON;SEASHELLS;680.0;13
1;973800;Ruby;Valentina;COCONUT_COUPON;SEASHELLS;687.0;13
1;974900;Valentina;Vinnie;COCONUT_COUPON;SEASHELLS;681.0;13
1;974900;Vinnie;Vinnie;COCONUT;SEASHELLS;10132.0;8
1;975200;Valentina;Valentina;COCONUT_COUPON;SEASHELLS;679.0;8
1;975300;Valentina;Vinnie;COCONUT_COUPON;SEASHELLS;678.0;10
1;977400;Valentina;Vinnie;COCONUT_COUPON;SEASHELLS;673.0;16
1;978100;Valentina;Vinnie;COCONUT_COUPON;SEASHELLS;671.0;10
1;978600;Vinnie;Raj;COCONUT;SEASHELLS;10129.0;10
1;978800;Vinnie;Vinnie;COCONUT;SEASHELLS;10128.0;6
1;979100;Vinnie;Vinnie;COCONUT;SEASHELLS;10127.0;10
1;979600;Vinnie;Raj;COCONUT;SEASHELLS;10132.0;5
1;979900;Vinnie;Raj;COCONUT;SEASHELLS;10134.0;10
1;980100;Valentina;Rhianna;COCONUT_COUPON;SEASHELLS;680.0;5
1;981700;Ruby;Valentina;COCONUT_COUPON;SEASHELLS;679.0;16
1;982300;Vinnie;Vinnie;COCONUT;SEASHELLS;10134.0;5
1;982600;Vinnie;Vinnie;COCONUT;SEASHELLS;10137.0;5
1;983600;Valentina;Vinnie;COCONUT_COUPON;SEASHELLS;684.0;12
1;983800;Vinnie;Vinnie;COCONUT;SEASHELLS;10133.0;6
1;984500;Vladimir;Ruby;COCONUT_COUPON;SEASHELLS;685.0;10
1;984600;Valentina;Vinnie;COCONUT_COUPON;SEASHELLS;686.0;11
1;986700;Raj;Vinnie;COCONUT;SEASHELLS;10126.0;9
1;987200;Vinnie;Vinnie;COCONUT;SEASHELLS;10125.0;5
1;987300;Valentina;Vinnie;COCONUT_COUPON;SEASHELLS;677.0;13
1;988000;Valentina;Ruby;COCONUT_COUPON;SEASHELLS;679.0;14
1;988500;Ruby;Valentina;COCONUT_COUPON;SEASHELLS;676.0;13
1;988700;Valentina;Rhianna;COCONUT_COUPON;SEASHELLS;672.0;12
1;989100;Vinnie;Rhianna;COCONUT;SEASHELLS;10123.0;3
1;992200;Valentina;Valentina;COCONUT_COUPON;SEASHELLS;673.0;9
1;992300;Vinnie;Vinnie;COCONUT;SEASHELLS;10126.0;5
1;992400;Valentina;Ruby;COCONUT_COUPON;SEASHELLS;672.0;8
1;992400;Valentina;Vinnie;COCONUT_COUPON;SEASHELLS;672.0;14
1;992400;Valentina;Valentina;COCONUT_COUPON;SEASHELLS;672.0;4
1;992400;Vladimir;Ruby;COCONUT_COUPON;SEASHELLS;672.0;7
1;992900;Vinnie;Vinnie;COCONUT;SEASHELLS;10120.0;6
1;994200;Valentina;Rhianna;COCONUT_COUPON;SEASHELLS;669.0;8
1;996100;Valentina;Vinnie;COCONUT_COUPON;SEASHELLS;670.0;19
1;996600;Vinnie;Vinnie;COCONUT;SEASHELLS;10127.0;9
1;996600;Raj;Vinnie;COCONUT;SEASHELLS;10128.0;9
1;996700;Valentina;Vinnie;COCONUT_COUPON;SEASHELLS;670.0;19
1;997100;Vinnie;Vinnie;COCONUT;SEASHELLS;10126.0;6
1;997300;Valentina;Vinnie;COCONUT_COUPON;SEASHELLS;672.0;19
1;997500;Valentina;Vinnie;COCONUT_COUPON;SEASHELLS;675.0;16
1;997700;Valentina;Rhianna;COCONUT_COUPON;SEASHELLS;675.0;5
1;997800;Valentina;Rhianna;COCONUT_COUPON;SEASHELLS;675.0;12
1;998200;Valentina;Vinnie;COCONUT_COUPON;SEASHELLS;677.0;10
1;999200;Valentina;Rhianna;COCONUT_COUPON;SEASHELLS;677.0;7
1;999500;Vinnie;Vinnie;COCONUT;SEASHELLS;10135.0;8
1;999600;Ruby;Valentina;COCONUT_COUPON;SEASHELLS;683.0;14
2;3500;Valentina;Vinnie;COCONUT_COUPON;SEASHELLS;677.0;20
2;3900;Vinnie;Raj;COCONUT;SEASHELLS;10120.0;10
2;4200;Valentina;Rhianna;COCONUT_COUPON;SEASHELLS;675.0;7
2;4800;Ruby;Valentina;COCONUT_COUPON;SEASHELLS;679.0;15
2;5400;Vinnie;Vinnie;COCONUT;SEASHELLS;10120.0;7
2;7000;Ruby;Valentina;COCONUT_COUPON;SEASHELLS;682.0;15
2;7600;Valentina;Vinnie;COCONUT_COUPON;SEASHELLS;681.0;13
2;7800;Valentina;Valentina;COCONUT_COUPON;SEASHELLS;678.0;5
2;9200;Rhianna;Vinnie;COCONUT;SEASHELLS;10113.0;1
2;9300;Raj;Vinnie;COCONUT;SEASHELLS;10112.0;10
2;9400;Valentina;Rhianna;COCONUT_COUPON;SEASHELLS;678.0;14
2;9800;Vinnie;Raj;COCONUT;SEASHELLS;10108.0;8
2;10400;Vinnie;Raj;COCONUT;SEASHELLS;10106.0;10
2;10600;Raj;Vinnie;COCONUT;SEASHELLS;10105.0;10
2;11200;Vinnie;Vinnie;COCONUT;SEASHELLS;10101.0;8
2;11700;Vinnie;Vinnie;COCONUT;SEASHELLS;10103.0;7
2;12500;Valentina;Vinnie;COCONUT_COUPON;SEASHELLS;681.0;18
2;13400;Raj;Vinnie;COCONUT;SEASHELLS;10100.0;10
2;15000;Valentina;Vinnie;COCONUT_COUPON;SEASHELLS;684.0;19
2;15000;Vinnie;Vinnie;COCONUT;SEASHELLS;10104.0;6
2;15200;Valentina;Valentina;COCONUT_COUPON;SEASHELLS;685.0;9
2;17300;Valentina;Rhianna;COCONUT_COUPON;SEASHELLS;680.0;9
2;17900;Valentina;Rhianna;COCONUT_COUPON;SEASHELLS;677.0;14
2;19400;Valentina;Vinnie;COCONUT_COUPON;SEASHELLS;686.0;17
2;20300;Vinnie;Rhianna;COCONUT;SEASHELLS;10109.0;2
2;20400;Valentina;Valentina;COCONUT_COUPON;SEASHELLS;689.0;4
2;21000;Valentina;Vinnie;COCONUT_COUPON;SEASHELLS;688.0;12
2;21300;Valentina;Vinnie;COCONUT_COUPON;SEASHELLS;687.0;14
2;21400;Vladimir;Ruby;COCONUT_COUPON;SEASHELLS;687.0;17
2;22800;Valentina;Vinnie;COCONUT_COUPON;SEASHELLS;687.0;18
2;23600;Vinnie;Vinnie;COCONUT;SEASHELLS;10110.0;6
2;24100;Valentina;Vinnie;COCONUT_COUPON;SEASHELLS;684.0;15
2;26400;Valentina;Vinnie;COCONUT_COUPON;SEASHELLS;688.0;10
2;27100;Valentina;Vinnie;COCONUT_COUPON;SEASHELLS;694.0;11
2;27800;Valentina;Vinnie;COCONUT_COUPON;SEASHELLS;698.0;15
2;28000;Vinnie;Vinnie;COCONUT;SEASHELLS;10120.0;7
2;29300;Vinnie;Vinnie;COCONUT;SEASHELLS;10120.0;5
2;29500;Valentina;Vinnie;COCONUT_COUPON;SEASHELLS;705.0;18
2;29900;Vinnie;Vinnie;COCONUT;SEASHELLS;10116.0;8
2;30200;Vinnie;Vinnie;COCONUT;SEASHELLS;10116.0;8
2;30700;Ruby;Valentina;COCONUT_COUPON;SEASHELLS;705.0;16
2;31200;Valentina;Ruby;COCONUT_COUPON;SEASHELLS;700.0;15
2;31800;Valentina;Vinnie;COCONUT_COUPON;SEASHELLS;697.0;17
2;32600;Ruby;Valentina;COCONUT_COUPON;SEASHELLS;696.0;17
2;32800;Vinnie;Vinnie;COCONUT;SEASHELLS;10107.0;8
2;34800;Valentina;Vinnie;COCONUT_COUPON;SEASHELLS;682.0;19
2;35600;Valentina;Vinnie;COCONUT_COUPON;SEASHELLS;689.0;16
2;35600;Vladimir;Vinnie;COCONUT_COUPON;SEASHELLS;689.0;1
2;36000;Raj;Vinnie;COCONUT;SEASHELLS;10109.0;9
2;36800;Valentina;Rhianna;COCONUT_COUPON;SEASHELLS;685.0;15
2;38100;Valentina;Valentina;COCONUT_COUPON;SEASHELLS;685.0;6
2;38100;Valentina;Vinnie;COCONUT_COUPON;SEASHELLS;685.0;13
2;39700;Vinnie;Rhianna;COCONUT;SEASHELLS;10110.0;2
2;40300;Valentina;Ruby;COCONUT_COUPON;SEASHELLS;684.0;15
2;41200;Valentina;Vinnie;COCONUT_COUPON;SEASHELLS;680.0;11
2;41600;Vinnie;Raj;COCONUT;SEASHELLS;10103.0;7
2;42200;Raj;Vinnie;COCONUT;SEASHELLS;10111.0;8
2;42500;Valentina;Valentina;COCONUT_COUPON;SEASHELLS;676.0;4
2;43400;Vinnie;Vinnie;COCONUT;SEASHELLS;10111.0;8
2;43500;Vinnie;Vinnie;COCONUT;SEASHELLS;10111.0;7
2;43600;Valentina;Vinnie;COCONUT_COUPON;SEASHELLS;668.0;12
2;44800;Rhianna;Vinnie;COCONUT;SEASHELLS;10114.0;3
2;45300;Valentina;Rhianna;COCONUT_COUPON;SEASHELLS;674.0;12
2;45700;Valentina;Vinnie;COCONUT_COUPON;SEASHELLS;676.0;14
2;46100;Valentina;Rhianna;COCONUT_COUPON;SEASHELLS;673.0;10
2;47500;Raj;Vinnie;COCONUT;SEASHELLS;10109.0;10
2;47600;Valentina;Vinnie;COCONUT_COUPON;SEASHELLS;680.0;16
2;48300;Vinnie;Vinnie;COCONUT;SEASHELLS;10105.0;8
2;48300;Valentina;Rhianna;COCONUT_COUPON;SEASHELLS;677.0;14
2;48500;Rhianna;Vinnie;COCONUT;SEASHELLS;10109.0;1
2;48800;Valentina;Valentina;COCONUT_COUPON;SEASHELLS;679.0;6
2;48800;Vinnie;Vinnie;COCONUT;SEASHELLS;10107.0;7
2;49100;Ruby;Valentina;COCONUT_COUPON;SEASHELLS;678.0;11
