day;timestamp;buyer;seller;symbol;currency;price;quantity
0;0;Remy;Vinnie;ROSES;SEASHELLS;15001.0;3
0;0;Remy;Vinnie;CHOCOLATE;SEASHELLS;8001.0;8
0;200;Vinnie;Rhianna;ROSES;SEASHELLS;15000.0;3
0;500;Vinnie;Remy;STRAWBERRIES;SEASHELLS;3999.0;10
0;1000;Ruby;Vinnie;GIFT_BASKET;SEASHELLS;71360.0;2
0;1200;Remy;Vinnie;ROSES;SEASHELLS;14997.0;1
0;1300;Vinnie;Vladimir;CHOCOLATE;SEASHELLS;8000.0;7
0;1400;Vinnie;Remy;ROSES;SEASHELLS;14994.0;3
0;2600;Remy;Vinnie;ROSES;SEASHELLS;14974.0;5
0;2800;Remy;Vinnie;STRAWBERRIES;SEASHELLS;4001.0;10
0;3100;Remy;Vinnie;ROSES;SEASHELLS;14961.0;5
0;3200;Remy;Vinnie;STRAWBERRIES;SEASHELLS;4002.0;5
0;3300;Remy;Vinnie;STRAWBERRIES;SEASHELLS;4001.0;8
0;3500;Rhianna;Vinnie;GIFT_BASKET;SEASHELLS;71340.0;2
0;3500;Remy;Vinnie;CHOCOLATE;SEASHELLS;8005.0;8
0;3500;Vinnie;Vladimir;STRAWBERRIES;SEASHELLS;4000.0;7
0;3700;Remy;Vinnie;ROSES;SEASHELLS;14955.0;4
0;3800;Rhianna;Vinnie;GIFT_BASKET;SEASHELLS;71339.0;1
0;4400;Vinnie;Remy;STRAWBERRIES;SEASHELLS;3999.0;9
0;4600;Vinnie;Remy;STRAWBERRIES;SEASHELLS;4000.0;7
0;5600;Vinnie;Vladimir;STRAWBERRIES;SEASHELLS;3998.0;8
0;5800;Vinnie;Remy;CHOCOLATE;SEASHELLS;7995.0;6
0;5800;Vinnie;Vladimir;CHOCOLATE;SEASHELLS;7995.0;10
0;5800;Remy;Vinnie;STRAWBERRIES;SEASHELLS;4000.0;4
0;6200;Vinnie;Remy;ROSES;SEASHELLS;14962.0;3
0;6800;Vinnie;Remy;STRAWBERRIES;SEASHELLS;3999.0;7
0;7200;Vinnie;Remy;STRAWBERRIES;SEASHELLS;3999.0;4
0;7400;Vinnie;Vladimir;CHOCOLATE;SEASHELLS;7999.0;7
0;7700;Remy;Vinnie;ROSES;SEASHELLS;14957.0;1
0;7800;Vinnie;Remy;ROSES;SEASHELLS;14955.0;1
0;8000;Remy;Vinnie;CHOCOLATE;SEASHELLS;8003.0;5
0;8600;Remy;Vinnie;STRAWBERRIES;SEASHELLS;4003.0;4
0;9000;Vinnie;Remy;ROSES;SEASHELLS;14957.0;5
0;9300;Remy;Vinnie;ROSES;SEASHELLS;14959.0;4
0;9400;Vinnie;Remy;ROSES;SEASHELLS;14961.0;2
0;9500;Vinnie;Ruby;GIFT_BASKET;SEASHELLS;71386.0;1
0;9700;Remy;Vinnie;ROSES;SEASHELLS;14960.0;5
0;9700;Remy;Vinnie;STRAWBERRIES;SEASHELLS;4004.0;5
0;10000;Vinnie;Vladimir;CHOCOLATE;SEASHELLS;8002.0;9
0;10800;Remy;Vinnie;CHOCOLATE;SEASHELLS;8000.0;5
0;11600;Remy;Vinnie;STRAWBERRIES;SEASHELLS;4001.0;9
0;11700;Remy;Vinnie;ROSES;SEASHELLS;14949.0;2
0;12200;Vinnie;Vladimir;STRAWBERRIES;SEASHELLS;4001.0;5
0;12400;Vinnie;Vladimir;STRAWBERRIES;SEASHELLS;4001.0;9
0;12600;Vinnie;Remy;CHOCOLATE;SEASHELLS;8005.0;5
0;12700;Vinnie;Remy;CHOCOLATE;SEASHELLS;8004.0;6
0;12700;Vinnie;Vladimir;ROSES;SEASHELLS;14933.0;4
0;13000;Ruby;Vladimir;GIFT_BASKET;SEASHELLS;71400.0;9
0;13100;Vinnie;Vladimir;CHOCOLATE;SEASHELLS;8007.0;10
0;13600;Vinnie;Vladimir;CHOCOLATE;SEASHELLS;8007.0;10
0;13700;Vinnie;Vladimir;CHOCOLATE;SEASHELLS;8006.0;7
0;13800;Vinnie;Remy;CHOCOLATE;SEASHELLS;8006.0;7
0;13900;Vinnie;Remy;ROSES;SEASHELLS;14934.0;4
0;13900;Vladimir;Ruby;GIFT_BASKET;SEASHELLS;71382.0;9
0;14200;Remy;Vinnie;STRAWBERRIES;SEASHELLS;3999.0;9
0;14300;Rhianna;Vladimir;GIFT_BASKET;SEASHELLS;71405.0;5
0;14400;Remy;Vinnie;STRAWBERRIES;SEASHELLS;4000.0;7
0;14400;Vinnie;Remy;ROSES;SEASHELLS;14930.0;3
0;14600;Remy;Vinnie;ROSES;SEASHELLS;14926.0;1
0;15000;Remy;Vinnie;STRAWBERRIES;SEASHELLS;3999.0;6
0;15000;Vinnie;Vladimir;STRAWBERRIES;SEASHELLS;3997.0;5
0;15500;Vinnie;Remy;CHOCOLATE;SEASHELLS;8012.0;8
0;15600;Vinnie;Vladimir;ROSES;SEASHELLS;14925.0;6
0;15700;Vinnie;Remy;STRAWBERRIES;SEASHELLS;3996.0;7
0;15700;Remy;Vinnie;CHOCOLATE;SEASHELLS;8014.0;7
0;15800;Vinnie;Vladimir;STRAWBERRIES;SEASHELLS;3997.0;5
0;15900;Vinnie;Vladimir;ROSES;SEASHELLS;14923.0;7
0;16400;Vinnie;Remy;STRAWBERRIES;SEASHELLS;3997.0;9
0;16700;Vinnie;Vladimir;CHOCOLATE;SEASHELLS;8010.0;7
0;16900;Ruby;Vinnie;GIFT_BASKET;SEASHELLS;71391.0;1
0;17100;Vinnie;Remy;CHOCOLATE;SEASHELLS;8010.0;6
0;17300;Rhianna;Vladimir;GIFT_BASKET;SEASHELLS;71364.0;3
0;17400;Remy;Vinnie;ROSES;SEASHELLS;14912.0;3
0;17500;Vinnie;Vladimir;STRAWBERRIES;SEASHELLS;3998.0;6
0;17600;Vladimir;Ruby;GIFT_BASKET;SEASHELLS;71338.0;6
0;18000;Vinnie;Remy;ROSES;SEASHELLS;14907.0;3
0;18300;Vinnie;Remy;CHOCOLATE;SEASHELLS;8007.0;5
0;18400;Vinnie;Remy;ROSES;SEASHELLS;14906.0;1
0;18800;Remy;Vinnie;STRAWBERRIES;SEASHELLS;3999.0;6
0;19700;Vinnie;Remy;CHOCOLATE;SEASHELLS;8017.0;5
0;19800;Vinnie;Remy;STRAWBERRIES;SEASHELLS;3999.0;9
0;20000;Vinnie;Remy;CHOCOLATE;SEASHELLS;8016.0;6
0;20000;Vinnie;Remy;STRAWBERRIES;SEASHELLS;3999.0;9
0;20200;Vinnie;Remy;STRAWBERRIES;SEASHELLS;3999.0;9
0;20500;Vinnie;Remy;ROSES;SEASHELLS;14931.0;3
0;20800;Vinnie;Vladimir;CHOCOLATE;SEASHELLS;8019.0;9
0;21000;Ruby;Vladimir;GIFT_BASKET;SEASHELLS;71400.0;10
0;21100;Remy;Vinnie;ROSES;SEASHELLS;14927.0;2
0;21500;Vinnie;Remy;CHOCOLATE;SEASHELLS;8019.0;7
0;21600;Vinnie;Vladimir;ROSES;SEASHELLS;14919.0;4
0;21800;Vladimir;Rhianna;GIFT_BASKET;SEASHELLS;71403.0;4
0;21800;Vladimir;Ruby;GIFT_BASKET;SEASHELLS;71403.0;5
0;21800;Vinnie;Rhianna;GIFT_BASKET;SEASHELLS;71404.0;1
0;22500;Vinnie;Remy;ROSES;SEASHELLS;14905.0;3
0;22500;Vladimir;Ruby;GIFT_BASKET;SEASHELLS;71364.0;9
0;23400;Vladimir;Ruby;GIFT_BASKET;SEASHELLS;71386.0;6
0;23600;Vinnie;Remy;ROSES;SEASHELLS;14898.0;4
0;23800;Remy;Vinnie;ROSES;SEASHELLS;14901.0;3
0;24100;Remy;Vinnie;ROSES;SEASHELLS;14896.0;2
0;24100;Remy;Vinnie;CHOCOLATE;SEASHELLS;8031.0;7
0;25300;Remy;Vinnie;CHOCOLATE;SEASHELLS;8032.0;8
0;25400;Remy;Vinnie;STRAWBERRIES;SEASHELLS;4001.0;7
0;25600;Remy;Vinnie;STRAWBERRIES;SEASHELLS;4001.0;9
0;25700;Rhianna;Vinnie;GIFT_BASKET;SEASHELLS;71425.0;1
0;25700;Remy;Vinnie;STRAWBERRIES;SEASHELLS;4002.0;5
0;26000;Vinnie;Remy;CHOCOLATE;SEASHELLS;8031.0;6
0;26400;Vinnie;Remy;STRAWBERRIES;SEASHELLS;4000.0;8
0;27100;Vinnie;Remy;STRAWBERRIES;SEASHELLS;4001.0;8
0;27400;Vinnie;Vladimir;CHOCOLATE;SEASHELLS;8030.0;7
0;27700;Vinnie;Rhianna;GIFT_BASKET;SEASHELLS;71402.0;2
0;27700;Vladimir;Rhianna;GIFT_BASKET;SEASHELLS;71402.0;4
0;28000;Remy;Vinnie;CHOCOLATE;SEASHELLS;8031.0;8
0;28500;Remy;Vinnie;CHOCOLATE;SEASHELLS;8031.0;8
0;28600;Remy;Vinnie;ROSES;SEASHELLS;14878.0;2
0;29100;Remy;Vinnie;STRAWBERRIES;SEASHELLS;4000.0;9
0;29300;Remy;Vinnie;CHOCOLATE;SEASHELLS;8037.0;8
0;29600;Vinnie;Vladimir;STRAWBERRIES;SEASHELLS;3998.0;7
0;29700;Remy;Vinnie;STRAWBERRIES;SEASHELLS;4000.0;7
0;29800;Vinnie;Remy;STRAWBERRIES;SEASHELLS;3998.0;10
0;29900;Ruby;Vinnie;GIFT_BASKET;SEASHELLS;71402.0;1
0;30000;Remy;Vinnie;STRAWBERRIES;SEASHELLS;3999.0;6
0;30100;Ruby;Vladimir;GIFT_BASKET;SEASHELLS;71402.0;6
0;30200;Remy;Vinnie;ROSES;SEASHELLS;14891.0;2
0;30200;Remy;Vinnie;STRAWBERRIES;SEASHELLS;3999.0;6
0;30400;Vinnie;Remy;STRAWBERRIES;SEASHELLS;3997.0;5
0;30400;Vinnie;Remy;CHOCOLATE;SEASHELLS;8036.0;6
0;30500;Vinnie;Remy;STRAWBERRIES;SEASHELLS;3997.0;4
0;31100;Vinnie;Ruby;GIFT_BASKET;SEASHELLS;71426.0;1
0;31600;Remy;Vinnie;CHOCOLATE;SEASHELLS;8040.0;7
0;31800;Rhianna;Vladimir;GIFT_BASKET;SEASHELLS;71422.0;4
0;31800;Remy;Vinnie;ROSES;SEASHELLS;14885.0;4
0;32200;Vinnie;Vladimir;CHOCOLATE;SEASHELLS;8042.0;8
0;32500;Remy;Vinnie;ROSES;SEASHELLS;14886.0;5
0;33400;Vinnie;Remy;CHOCOLATE;SEASHELLS;8034.0;8
0;33700;Vinnie;Remy;ROSES;SEASHELLS;14883.0;3
0;33700;Remy;Vinnie;STRAWBERRIES;SEASHELLS;3998.0;6
0;33800;Vinnie;Remy;STRAWBERRIES;SEASHELLS;3997.0;6
0;33900;Vinnie;Vladimir;STRAWBERRIES;SEASHELLS;3996.0;5
0;34000;Vinnie;Remy;ROSES;SEASHELLS;14888.0;1
0;34500;Vinnie;Remy;STRAWBERRIES;SEASHELLS;3996.0;9
0;34700;Vinnie;Remy;ROSES;SEASHELLS;14889.0;3
0;34700;Vladimir;Ruby;GIFT_BASKET;SEASHELLS;71398.0;7
0;35100;Vinnie;Vladimir;ROSES;SEASHELLS;14891.0;3
0;35200;Remy;Vinnie;STRAWBERRIES;SEASHELLS;3997.0;6
0;35400;Vinnie;Remy;ROSES;SEASHELLS;14890.0;2
0;35400;Remy;Vinnie;STRAWBERRIES;SEASHELLS;3998.0;4
0;35500;Vinnie;Remy;STRAWBERRIES;SEASHELLS;3996.0;6
0;35600;Vinnie;Vladimir;STRAWBERRIES;SEASHELLS;3996.0;11
0;36000;Remy;Vinnie;STRAWBERRIES;SEASHELLS;3997.0;7
0;36100;Remy;Vinnie;CHOCOLATE;SEASHELLS;8038.0;5
0;36700;Vinnie;Vladimir;CHOCOLATE;SEASHELLS;8037.0;8
0;36900;Ruby;Vinnie;GIFT_BASKET;SEASHELLS;71390.0;2
0;36900;Vinnie;Vladimir;CHOCOLATE;SEASHELLS;8036.0;9
0;36900;Remy;Vinnie;STRAWBERRIES;SEASHELLS;3996.0;8
0;37000;Remy;Vinnie;STRAWBERRIES;SEASHELLS;3996.0;6
0;38300;Remy;Vinnie;CHOCOLATE;SEASHELLS;8042.0;8
0;38500;Remy;Vinnie;STRAWBERRIES;SEASHELLS;3997.0;4
0;39600;Vladimir;Rhianna;GIFT_BASKET;SEASHELLS;71411.0;4
0;39900;Vinnie;Vladimir;ROSES;SEASHELLS;14878.0;6
0;39900;Remy;Vinnie;CHOCOLATE;SEASHELLS;8036.0;5
0;40000;Rhianna;Vladimir;GIFT_BASKET;SEASHELLS;71410.0;2
0;40100;Ruby;Vladimir;GIFT_BASKET;SEASHELLS;71432.0;8
0;40200;Vinnie;Vladimir;STRAWBERRIES;SEASHELLS;3999.0;11
0;40400;Remy;Vinnie;STRAWBERRIES;SEASHELLS;4000.0;4
0;40500;Remy;Vinnie;ROSES;SEASHELLS;14881.0;5
0;40600;Remy;Vinnie;ROSES;SEASHELLS;14877.0;4
0;40700;Vinnie;Ruby;GIFT_BASKET;SEASHELLS;71420.0;2
0;40700;Remy;Vladimir;ROSES;SEASHELLS;14874.0;4
0;40900;Remy;Vinnie;CHOCOLATE;SEASHELLS;8035.0;5
0;41000;Remy;Vinnie;STRAWBERRIES;SEASHELLS;3999.0;5
0;41200;Vinnie;Vladimir;ROSES;SEASHELLS;14877.0;9
0;41500;Vladimir;Ruby;GIFT_BASKET;SEASHELLS;71429.0;6
0;41600;Remy;Vinnie;STRAWBERRIES;SEASHELLS;3998.0;8
0;41700;Vinnie;Vladimir;STRAWBERRIES;SEASHELLS;3997.0;4
0;41800;Vinnie;Vladimir;STRAWBERRIES;SEASHELLS;3997.0;7
0;42200;Vinnie;Remy;ROSES;SEASHELLS;14881.0;5
0;44200;Vinnie;Remy;STRAWBERRIES;SEASHELLS;3994.0;9
0;44300;Remy;Vinnie;ROSES;SEASHELLS;14863.0;3
0;44400;Remy;Vinnie;CHOCOLATE;SEASHELLS;8039.0;7
0;44600;Vinnie;Remy;CHOCOLATE;SEASHELLS;8038.0;6
0;44900;Remy;Vinnie;CHOCOLATE;SEASHELLS;8039.0;7
0;45000;Vladimir;Rhianna;GIFT_BASKET;SEASHELLS;71422.0;1
0;45000;Vinnie;Rhianna;GIFT_BASKET;SEASHELLS;71423.0;1
0;46100;Vinnie;Remy;CHOCOLATE;SEASHELLS;8051.0;8
0;46200;Rhianna;Vladimir;GIFT_BASKET;SEASHELLS;71489.0;5
0;46200;Vinnie;Remy;STRAWBERRIES;SEASHELLS;3994.0;4
0;46200;Vinnie;Remy;ROSES;SEASHELLS;14854.0;5
0;46500;Remy;Vinnie;CHOCOLATE;SEASHELLS;8051.0;6
0;47000;Vinnie;Vladimir;ROSES;SEASHELLS;14840.0;9
0;47300;Vinnie;Vladimir;CHOCOLATE;SEASHELLS;8046.0;10
0;47400;Vinnie;Remy;ROSES;SEASHELLS;14835.0;2
0;47900;Vinnie;Vladimir;CHOCOLATE;SEASHELLS;8048.0;7
0;48100;Vinnie;Remy;CHOCOLATE;SEASHELLS;8046.0;6
0;48400;Vladimir;Ruby;GIFT_BASKET;SEASHELLS;71438.0;10
0;48500;Vinnie;Remy;STRAWBERRIES;SEASHELLS;3994.0;9
0;48700;Remy;Vinnie;STRAWBERRIES;SEASHELLS;3995.0;6
0;48900;Vinnie;Remy;CHOCOLATE;SEASHELLS;8046.0;8
0;49000;Vinnie;Remy;ROSES;SEASHELLS;14824.0;5
0;49100;Vinnie;Remy;ROSES;SEASHELLS;14826.0;4
0;49500;Vinnie;Remy;STRAWBERRIES;SEASHELLS;3992.0;8
0;49800;Remy;Vinnie;STRAWBERRIES;SEASHELLS;3994.0;4
0;49900;Vinnie;Remy;CHOCOLATE;SEASHELLS;8046.0;7
0;50000;Vinnie;Vladimir;CHOCOLATE;SEASHELLS;8046.0;4
0;50200;Vinnie;Vladimir;STRAWBERRIES;SEASHELLS;3992.0;10
0;50300;Vinnie;Vladimir;ROSES;SEASHELLS;14805.0;7
0;51800;Vinnie;Remy;CHOCOLATE;SEASHELLS;8044.0;7
0;52300;Vinnie;Remy;STRAWBERRIES;SEASHELLS;3990.0;6
0;52900;Vinnie;Remy;CHOCOLATE;SEASHELLS;8037.0;7
0;53300;Remy;Vinnie;ROSES;SEASHELLS;14793.0;1
0;53400;Vinnie;Vladimir;STRAWBERRIES;SEASHELLS;3989.0;11
0;54200;Vinnie;Remy;ROSES;SEASHELLS;14777.0;4
0;54200;Vinnie;Rhianna;GIFT_BASKET;SEASHELLS;71248.0;1
0;54200;Vladimir;Rhianna;GIFT_BASKET;SEASHELLS;71247.0;5
0;54800;Vinnie;Remy;ROSES;SEASHELLS;14769.0;2
0;55000;Remy;Vinnie;STRAWBERRIES;SEASHELLS;3989.0;5
0;55200;Remy;Vinnie;CHOCOLATE;SEASHELLS;8032.0;8
0;55700;Remy;Vinnie;ROSES;SEASHELLS;14765.0;3
0;56000;Vinnie;Remy;CHOCOLATE;SEASHELLS;8029.0;8
0;56400;Vladimir;Rhianna;GIFT_BASKET;SEASHELLS;71201.0;8
0;57300;Vinnie;Remy;STRAWBERRIES;SEASHELLS;3987.0;8
0;57400;Vinnie;Vladimir;STRAWBERRIES;SEASHELLS;3987.0;8
0;57500;Vinnie;Rhianna;GIFT_BASKET;SEASHELLS;71205.0;4
0;57500;Vinnie;Rhianna;GIFT_BASKET;SEASHELLS;71200.0;1
0;57500;Vladimir;Rhianna;GIFT_BASKET;SEASHELLS;71199.0;2
0;57600;Vladimir;Rhianna;GIFT_BASKET;SEASHELLS;71201.0;6
0;57800;Vinnie;Remy;ROSES;SEASHELLS;14753.0;1
0;57900;Remy;Vinnie;CHOCOLATE;SEASHELLS;8033.0;7
0;57900;Vinnie;Remy;ROSES;SEASHELLS;14756.0;5
0;58000;Vinnie;Remy;ROSES;SEASHELLS;14755.0;5
0;58100;Vladimir;Rhianna;GIFT_BASKET;SEASHELLS;71195.0;6
0;58100;Vinnie;Rhianna;GIFT_BASKET;SEASHELLS;71196.0;1
0;58200;Remy;Vinnie;ROSES;SEASHELLS;14762.0;5
0;58500;Remy;Vinnie;CHOCOLATE;SEASHELLS;8034.0;6
0;58600;Remy;Vinnie;STRAWBERRIES;SEASHELLS;3989.0;9
0;58800;Remy;Vinnie;STRAWBERRIES;SEASHELLS;3990.0;4
0;58900;Ruby;Vladimir;GIFT_BASKET;SEASHELLS;71207.0;5
0;58900;Vinnie;Vladimir;STRAWBERRIES;SEASHELLS;3989.0;9
0;59100;Vinnie;Remy;CHOCOLATE;SEASHELLS;8032.0;5
0;59300;Remy;Vinnie;ROSES;SEASHELLS;14763.0;3
0;59600;Vinnie;Remy;STRAWBERRIES;SEASHELLS;3990.0;10
0;59800;Remy;Vinnie;STRAWBERRIES;SEASHELLS;3991.0;10
0;60700;Vinnie;Remy;STRAWBERRIES;SEASHELLS;3991.0;4
0;61400;Ruby;Vinnie;GIFT_BASKET;SEASHELLS;71240.0;2
0;61500;Vinnie;Remy;CHOCOLATE;SEASHELLS;8038.0;8
0;61600;Remy;Vinnie;STRAWBERRIES;SEASHELLS;3991.0;6
0;62100;Vinnie;Vladimir;STRAWBERRIES;SEASHELLS;3991.0;10
0;62400;Ruby;Vladimir;GIFT_BASKET;SEASHELLS;71284.0;9
0;62600;Vinnie;Vladimir;CHOCOLATE;SEASHELLS;8037.0;9
0;62600;Vinnie;Remy;ROSES;SEASHELLS;14757.0;5
0;62800;Vinnie;Remy;ROSES;SEASHELLS;14765.0;4
0;62800;Vinnie;Vladimir;STRAWBERRIES;SEASHELLS;3991.0;4
0;63500;Vinnie;Remy;STRAWBERRIES;SEASHELLS;3989.0;4
0;63800;Vinnie;Rhianna;GIFT_BASKET;SEASHELLS;71298.0;2
0;64100;Remy;Vinnie;CHOCOLATE;SEASHELLS;8041.0;8
0;64500;Vinnie;Remy;ROSES;SEASHELLS;14765.0;2
0;64600;Vinnie;Remy;STRAWBERRIES;SEASHELLS;3987.0;10
0;65200;Vinnie;Remy;CHOCOLATE;SEASHELLS;8035.0;7
0;65400;Vinnie;Remy;ROSES;SEASHELLS;14767.0;5
0;65500;Remy;Vinnie;CHOCOLATE;SEASHELLS;8033.0;5
0;65900;Vinnie;Vladimir;CHOCOLATE;SEASHELLS;8032.0;4
0;66100;Vinnie;Remy;STRAWBERRIES;SEASHELLS;3986.0;7
0;66500;Vinnie;Rhianna;GIFT_BASKET;SEASHELLS;71293.0;2
0;66500;Remy;Vinnie;CHOCOLATE;SEASHELLS;8033.0;7
0;66500;Vladimir;Rhianna;GIFT_BASKET;SEASHELLS;71292.0;6
0;66600;Vinnie;Vladimir;STRAWBERRIES;SEASHELLS;3987.0;9
0;66700;Ruby;Vladimir;GIFT_BASKET;SEASHELLS;71295.0;5
0;67100;Vinnie;Remy;CHOCOLATE;SEASHELLS;8029.0;8
0;67100;Vinnie;Rhianna;GIFT_BASKET;SEASHELLS;71282.0;1
0;67100;Remy;Vinnie;STRAWBERRIES;SEASHELLS;3988.0;7
0;68100;Remy;Vinnie;CHOCOLATE;SEASHELLS;8026.0;8
0;68200;Vinnie;Rhianna;GIFT_BASKET;SEASHELLS;71256.0;2
0;68200;Vladimir;Rhianna;GIFT_BASKET;SEASHELLS;71255.0;4
0;68500;Vinnie;Vladimir;STRAWBERRIES;SEASHELLS;3987.0;6
0;68600;Remy;Vinnie;ROSES;SEASHELLS;14768.0;2
0;68700;Vinnie;Vladimir;CHOCOLATE;SEASHELLS;8029.0;4
0;69000;Vinnie;Remy;STRAWBERRIES;SEASHELLS;3986.0;4
0;69200;Remy;Vinnie;ROSES;SEASHELLS;14770.0;4
0;69600;Vinnie;Rhianna;GIFT_BASKET;SEASHELLS;71295.0;1
0;69600;Vladimir;Rhianna;GIFT_BASKET;SEASHELLS;71294.0;4
0;69600;Vinnie;Remy;ROSES;SEASHELLS;14767.0;2
0;69700;Vinnie;Vladimir;STRAWBERRIES;SEASHELLS;3987.0;11
0;70000;Vinnie;Remy;STRAWBERRIES;SEASHELLS;3987.0;8
0;70200;Vinnie;Remy;CHOCOLATE;SEASHELLS;8034.0;6
0;70600;Remy;Vinnie;ROSES;SEASHELLS;14782.0;2
0;71000;Vinnie;Vladimir;STRAWBERRIES;SEASHELLS;3988.0;8
0;71200;Vinnie;Remy;STRAWBERRIES;SEASHELLS;3987.0;8
0;71400;Remy;Vinnie;CHOCOLATE;SEASHELLS;8031.0;7
0;71500;Vinnie;Vladimir;CHOCOLATE;SEASHELLS;8029.0;7
0;71700;Vinnie;Remy;CHOCOLATE;SEASHELLS;8027.0;7
0;72200;Remy;Vinnie;STRAWBERRIES;SEASHELLS;3990.0;10
0;72400;Ruby;Vladimir;GIFT_BASKET;SEASHELLS;71265.0;9
0;72700;Vinnie;Remy;STRAWBERRIES;SEASHELLS;3987.0;5
0;72800;Vladimir;Rhianna;GIFT_BASKET;SEASHELLS;71240.0;2
0;72900;Remy;Vinnie;ROSES;SEASHELLS;14785.0;3
0;73200;Remy;Vinnie;ROSES;SEASHELLS;14778.0;1
0;73600;Vinnie;Remy;ROSES;SEASHELLS;14768.0;3
0;74800;Rhianna;Vinnie;GIFT_BASKET;SEASHELLS;71271.0;2
0;74800;Rhianna;Vladimir;GIFT_BASKET;SEASHELLS;71271.0;4
0;75000;Remy;Vinnie;ROSES;SEASHELLS;14779.0;4
0;75100;Vinnie;Remy;ROSES;SEASHELLS;14777.0;2
0;75200;Remy;Vinnie;CHOCOLATE;SEASHELLS;8034.0;7
0;75400;Remy;Vinnie;CHOCOLATE;SEASHELLS;8033.0;8
0;76000;Vinnie;Vladimir;STRAWBERRIES;SEASHELLS;3986.0;10
0;76700;Vinnie;Remy;ROSES;SEASHELLS;14779.0;3
0;76800;Vinnie;Remy;ROSES;SEASHELLS;14780.0;4
0;77000;Vinnie;Remy;STRAWBERRIES;SEASHELLS;3986.0;8
0;77100;Remy;Vinnie;CHOCOLATE;SEASHELLS;8032.0;6
0;77500;Vladimir;Rhianna;GIFT_BASKET;SEASHELLS;71212.0;4
0;77500;Vinnie;Rhianna;GIFT_BASKET;SEASHELLS;71213.0;2
0;77500;Remy;Vinnie;CHOCOLATE;SEASHELLS;8031.0;8
0;77700;Vinnie;Remy;ROSES;SEASHELLS;14778.0;1
0;78000;Remy;Vinnie;CHOCOLATE;SEASHELLS;8030.0;8
0;78100;Vinnie;Remy;STRAWBERRIES;SEASHELLS;3985.0;9
0;78900;Remy;Vinnie;ROSES;SEASHELLS;14766.0;3
0;78900;Vinnie;Vladimir;STRAWBERRIES;SEASHELLS;3986.0;10
0;79700;Rhianna;Vinnie;GIFT_BASKET;SEASHELLS;71178.0;2
0;80000;Vinnie;Vladimir;ROSES;SEASHELLS;14752.0;11
0;80400;Vinnie;Remy;STRAWBERRIES;SEASHELLS;3986.0;6
0;80500;Vinnie;Vladimir;STRAWBERRIES;SEASHELLS;3986.0;4
0;80700;Vinnie;Remy;ROSES;SEASHELLS;14760.0;3
0;80800;Remy;Vinnie;ROSES;SEASHELLS;14763.0;4
0;80900;Remy;Vinnie;STRAWBERRIES;SEASHELLS;3986.0;8
0;81300;Remy;Vinnie;CHOCOLATE;SEASHELLS;8024.0;5
0;81500;Remy;Vinnie;CHOCOLATE;SEASHELLS;8023.0;8
0;82400;Vinnie;Vladimir;STRAWBERRIES;SEASHELLS;3984.0;11
0;82700;Vinnie;Remy;CHOCOLATE;SEASHELLS;8019.0;6
0;82800;Remy;Vinnie;ROSES;SEASHELLS;14750.0;5
0;83500;Vinnie;Vladimir;STRAWBERRIES;SEASHELLS;3984.0;3
0;83800;Vladimir;Ruby;GIFT_BASKET;SEASHELLS;71161.0;10
0;83800;Vinnie;Vladimir;CHOCOLATE;SEASHELLS;8025.0;10
0;84600;Remy;Vinnie;ROSES;SEASHELLS;14724.0;2
0;85500;Remy;Vinnie;STRAWBERRIES;SEASHELLS;3984.0;6
0;85500;Remy;Vinnie;ROSES;SEASHELLS;14724.0;5
0;85900;Remy;Vinnie;STRAWBERRIES;SEASHELLS;3984.0;5
0;86000;Vinnie;Ruby;GIFT_BASKET;SEASHELLS;71109.0;1
0;86100;Vinnie;Vladimir;CHOCOLATE;SEASHELLS;8026.0;6
0;86200;Vinnie;Remy;ROSES;SEASHELLS;14733.0;4
0;87100;Vinnie;Remy;ROSES;SEASHELLS;14730.0;3
0;87300;Vinnie;Vladimir;STRAWBERRIES;SEASHELLS;3983.0;3
0;87300;Vinnie;Vladimir;CHOCOLATE;SEASHELLS;8024.0;9
0;87300;Remy;Vinnie;ROSES;SEASHELLS;14736.0;2
0;87500;Remy;Vinnie;CHOCOLATE;SEASHELLS;8026.0;7
0;87600;Vinnie;Vladimir;STRAWBERRIES;SEASHELLS;3984.0;10
0;87900;Vinnie;Remy;ROSES;SEASHELLS;14745.0;1
0;88500;Remy;Vinnie;ROSES;SEASHELLS;14750.0;2
0;88600;Ruby;Vinnie;GIFT_BASKET;SEASHELLS;71126.0;1
0;89000;Vinnie;Remy;ROSES;SEASHELLS;14750.0;1
0;89100;Vinnie;Remy;ROSES;SEASHELLS;14750.0;1
0;89500;Vinnie;Remy;CHOCOLATE;SEASHELLS;8023.0;8
0;89600;Vinnie;Remy;ROSES;SEASHELLS;14746.0;1
0;90200;Remy;Vinnie;STRAWBERRIES;SEASHELLS;3987.0;9
0;90400;Vinnie;Remy;CHOCOLATE;SEASHELLS;8025.0;5
0;91600;Vinnie;Remy;STRAWBERRIES;SEASHELLS;3986.0;6
0;91800;Vinnie;Remy;STRAWBERRIES;SEASHELLS;3986.0;9
0;92800;Remy;Vinnie;ROSES;SEASHELLS;14768.0;2
0;93000;Vinnie;Remy;CHOCOLATE;SEASHELLS;8024.0;5
0;93600;Vinnie;Vladimir;CHOCOLATE;SEASHELLS;8022.0;10
0;93600;Remy;Vinnie;ROSES;SEASHELLS;14765.0;1
0;94400;Vinnie;Remy;STRAWBERRIES;SEASHELLS;3989.0;4
0;94500;Vinnie;Remy;CHOCOLATE;SEASHELLS;8019.0;7
0;94600;Vinnie;Vladimir;STRAWBERRIES;SEASHELLS;3989.0;7
0;94700;Remy;Vinnie;STRAWBERRIES;SEASHELLS;3991.0;5
0;95100;Vinnie;Vladimir;STRAWBERRIES;SEASHELLS;3990.0;12
0;95200;Vinnie;Rhianna;GIFT_BASKET;SEASHELLS;71150.0;1
0;95200;Vladimir;Rhianna;GIFT_BASKET;SEASHELLS;71150.0;5
0;95200;Vinnie;Remy;CHOCOLATE;SEASHELLS;8020.0;8
0;95400;Vinnie;Remy;CHOCOLATE;SEASHELLS;8019.0;5
0;95700;Remy;Vinnie;ROSES;SEASHELLS;14783.0;3
0;95800;Vinnie;Remy;ROSES;SEASHELLS;14779.0;1
0;96100;Vinnie;Vladimir;ROSES;SEASHELLS;14786.0;4
0;96300;Vladimir;Ruby;GIFT_BASKET;SEASHELLS;71178.0;5
0;96500;Remy;Vinnie;ROSES;SEASHELLS;14786.0;2
0;97000;Vinnie;Ruby;GIFT_BASKET;SEASHELLS;71193.0;2
0;97300;Vinnie;Vladimir;STRAWBERRIES;SEASHELLS;3993.0;11
0;97400;Vinnie;Vladimir;STRAWBERRIES;SEASHELLS;3993.0;7
0;97600;Remy;Vinnie;STRAWBERRIES;SEASHELLS;3995.0;7
0;97900;Vladimir;Ruby;GIFT_BASKET;SEASHELLS;71211.0;9
0;98000;Vinnie;Remy;ROSES;SEASHELLS;14784.0;3
0;98200;Remy;Vinnie;STRAWBERRIES;SEASHELLS;3995.0;8
0;98700;Vinnie;Remy;CHOCOLATE;SEASHELLS;8023.0;7
0;99000;Vinnie;Remy;STRAWBERRIES;SEASHELLS;3994.0;5
0;99500;Remy;Vinnie;CHOCOLATE;SEASHELLS;8031.0;6
0;100300;Remy;Vinnie;ROSES;SEASHELLS;14787.0;4
0;100400;Vinnie;Remy;CHOCOLATE;SEASHELLS;8028.0;8
0;100700;Remy;Vinnie;STRAWBERRIES;SEASHELLS;3999.0;10
0;100800;Vinnie;Vladimir;ROSES;SEASHELLS;14798.0;8
0;101100;Vinnie;Remy;STRAWBERRIES;SEASHELLS;4000.0;9
0;101100;Vinnie;Remy;ROSES;SEASHELLS;14798.0;4
0;101300;Ruby;Vladimir;GIFT_BASKET;SEASHELLS;71261.0;6
0;101500;Remy;Vinnie;CHOCOLATE;SEASHELLS;8025.0;6
0;101500;Vinnie;Vladimir;STRAWBERRIES;SEASHELLS;4000.0;9
0;101900;Remy;Vinnie;STRAWBERRIES;SEASHELLS;3998.0;9
0;102400;Remy;Vinnie;CHOCOLATE;SEASHELLS;8028.0;7
0;102700;Vinnie;Remy;CHOCOLATE;SEASHELLS;8028.0;5
0;103000;Vinnie;Remy;ROSES;SEASHELLS;14762.0;2
0;103200;Vinnie;Vladimir;STRAWBERRIES;SEASHELLS;3996.0;9
0;103400;Vinnie;Remy;ROSES;SEASHELLS;14763.0;2
0;103600;Remy;Vinnie;STRAWBERRIES;SEASHELLS;3998.0;4
0;103800;Rhianna;Vinnie;GIFT_BASKET;SEASHELLS;71257.0;2
0;103800;Rhianna;Vladimir;GIFT_BASKET;SEASHELLS;71257.0;6
0;104400;Vinnie;Vladimir;STRAWBERRIES;SEASHELLS;3998.0;8
0;104500;Remy;Vinnie;STRAWBERRIES;SEASHELLS;4000.0;6
0;104900;Remy;Vinnie;STRAWBERRIES;SEASHELLS;3998.0;5
0;105600;Remy;Vinnie;ROSES;SEASHELLS;14767.0;4
0;105700;Vinnie;Remy;ROSES;SEASHELLS;14769.0;2
0;105800;Remy;Vinnie;ROSES;SEASHELLS;14768.0;2
0;105900;Remy;Vinnie;CHOCOLATE;SEASHELLS;8029.0;8
0;106100;Remy;Vinnie;CHOCOLATE;SEASHELLS;8026.0;6
0;106100;Remy;Vinnie;ROSES;SEASHELLS;14771.0;3
0;106300;Vinnie;Vladimir;STRAWBERRIES;SEASHELLS;3999.0;6
0;107200;Remy;Vinnie;STRAWBERRIES;SEASHELLS;4000.0;5
0;107400;Vinnie;Remy;CHOCOLATE;SEASHELLS;8026.0;6
0;108300;Vinnie;Vladimir;STRAWBERRIES;SEASHELLS;3999.0;12
0;109100;Vinnie;Remy;STRAWBERRIES;SEASHELLS;3999.0;7
0;109600;Rhianna;Vladimir;GIFT_BASKET;SEASHELLS;71315.0;4
0;109700;Vinnie;Remy;ROSES;SEASHELLS;14742.0;3
0;110100;Remy;Vinnie;CHOCOLATE;SEASHELLS;8030.0;6
0;110900;Vinnie;Remy;STRAWBERRIES;SEASHELLS;4000.0;9
0;110900;Remy;Vinnie;ROSES;SEASHELLS;14760.0;3
0;111000;Remy;Vinnie;ROSES;SEASHELLS;14759.0;4
0;111400;Vinnie;Remy;STRAWBERRIES;SEASHELLS;4000.0;7
0;111600;Vinnie;Remy;ROSES;SEASHELLS;14753.0;2
0;111900;Vinnie;Remy;STRAWBERRIES;SEASHELLS;4001.0;10
0;112800;Vinnie;Remy;STRAWBERRIES;SEASHELLS;4000.0;10
0;113300;Vinnie;Remy;STRAWBERRIES;SEASHELLS;4002.0;9
0;113700;Vinnie;Remy;ROSES;SEASHELLS;14738.0;4
0;114100;Vinnie;Vladimir;STRAWBERRIES;SEASHELLS;4003.0;4
0;114600;Vinnie;Rhianna;GIFT_BASKET;SEASHELLS;71351.0;1
0;114900;Vinnie;Remy;ROSES;SEASHELLS;14757.0;3
0;115000;Rhianna;Vinnie;GIFT_BASKET;SEASHELLS;71392.0;2
0;115100;Vinnie;Remy;CHOCOLATE;SEASHELLS;8031.0;8
0;115200;Remy;Vinnie;ROSES;SEASHELLS;14756.0;5
0;115500;Vinnie;Remy;ROSES;SEASHELLS;14752.0;2
0;115600;Ruby;Vinnie;GIFT_BASKET;SEASHELLS;71384.0;1
0;116300;Vinnie;Remy;CHOCOLATE;SEASHELLS;8030.0;6
0;116400;Remy;Vinnie;ROSES;SEASHELLS;14757.0;1
0;116400;Vinnie;Ruby;GIFT_BASKET;SEASHELLS;71361.0;2
0;116500;Vinnie;Remy;CHOCOLATE;SEASHELLS;8028.0;5
0;117300;Vinnie;Remy;ROSES;SEASHELLS;14746.0;3
0;117400;Vinnie;Remy;STRAWBERRIES;SEASHELLS;4005.0;10
0;117400;Remy;Vinnie;ROSES;SEASHELLS;14746.0;3
0;117500;Remy;Vinnie;STRAWBERRIES;SEASHELLS;4006.0;9
0;117600;Vinnie;Vladimir;CHOCOLATE;SEASHELLS;8027.0;4
0;118800;Vinnie;Vladimir;CHOCOLATE;SEASHELLS;8026.0;6
0;119100;Remy;Vinnie;ROSES;SEASHELLS;14725.0;4
0;119100;Vinnie;Remy;CHOCOLATE;SEASHELLS;8027.0;5
0;119400;Rhianna;Vinnie;GIFT_BASKET;SEASHELLS;71336.0;2
0;119500;Vinnie;Vladimir;ROSES;SEASHELLS;14731.0;11
0;119700;Remy;Vinnie;STRAWBERRIES;SEASHELLS;4007.0;8
0;119900;Vinnie;Remy;ROSES;SEASHELLS;14737.0;3
0;120000;Vinnie;Vladimir;CHOCOLATE;SEASHELLS;8029.0;7
0;120200;Remy;Vinnie;CHOCOLATE;SEASHELLS;8031.0;5
0;120300;Remy;Vinnie;STRAWBERRIES;SEASHELLS;4005.0;5
0;120600;Remy;Vinnie;CHOCOLATE;SEASHELLS;8032.0;8
0;121000;Remy;Vinnie;STRAWBERRIES;SEASHELLS;4003.0;5
0;121200;Vladimir;Rhianna;GIFT_BASKET;SEASHELLS;71290.0;2
0;121500;Vinnie;Remy;STRAWBERRIES;SEASHELLS;4001.0;4
0;121500;Remy;Vinnie;ROSES;SEASHELLS;14732.0;4
0;121600;Vinnie;Vladimir;CHOCOLATE;SEASHELLS;8027.0;10
0;121800;Remy;Vinnie;CHOCOLATE;SEASHELLS;8028.0;7
0;122000;Vinnie;Remy;ROSES;SEASHELLS;14724.0;5
0;123600;Vinnie;Remy;ROSES;SEASHELLS;14741.0;5
0;123900;Remy;Vinnie;CHOCOLATE;SEASHELLS;8029.0;5
0;124100;Vinnie;Remy;CHOCOLATE;SEASHELLS;8027.0;8
0;124200;Vinnie;Ruby;GIFT_BASKET;SEASHELLS;71295.0;2
0;124400;Rhianna;Vinnie;GIFT_BASKET;SEASHELLS;71290.0;1
0;124400;Rhianna;Vladimir;GIFT_BASKET;SEASHELLS;71296.0;1
0;124700;Vinnie;Remy;ROSES;SEASHELLS;14744.0;5
0;124900;Vinnie;Vladimir;ROSES;SEASHELLS;14748.0;8
0;125600;Vinnie;Remy;ROSES;SEASHELLS;14737.0;2
0;125900;Vinnie;Vladimir;STRAWBERRIES;SEASHELLS;3998.0;11
0;126000;Remy;Vinnie;ROSES;SEASHELLS;14736.0;3
0;126200;Vinnie;Vladimir;STRAWBERRIES;SEASHELLS;3998.0;6
0;126400;Remy;Vinnie;STRAWBERRIES;SEASHELLS;4000.0;9
0;126500;Vinnie;Remy;ROSES;SEASHELLS;14736.0;1
0;126500;Remy;Vinnie;CHOCOLATE;SEASHELLS;8036.0;7
0;126600;Remy;Vinnie;CHOCOLATE;SEASHELLS;8034.0;5
0;126600;Vinnie;Remy;STRAWBERRIES;SEASHELLS;3998.0;8
0;126800;Remy;Vinnie;STRAWBERRIES;SEASHELLS;3999.0;7
0;126900;Vinnie;Remy;CHOCOLATE;SEASHELLS;8033.0;7
0;127000;Vinnie;Remy;CHOCOLATE;SEASHELLS;8033.0;7
0;127700;Remy;Vinnie;CHOCOLATE;SEASHELLS;8037.0;6
0;128100;Remy;Vinnie;ROSES;SEASHELLS;14752.0;2
0;128300;Vinnie;Remy;ROSES;SEASHELLS;14751.0;3
0;128500;Vinnie;Remy;STRAWBERRIES;SEASHELLS;3997.0;6
0;128900;Remy;Vinnie;ROSES;SEASHELLS;14766.0;1
0;129000;Vinnie;Remy;ROSES;SEASHELLS;14761.0;2
0;129100;Vinnie;Vladimir;STRAWBERRIES;SEASHELLS;3998.0;7
0;129800;Vinnie;Remy;CHOCOLATE;SEASHELLS;8040.0;7
0;130000;Remy;Vinnie;CHOCOLATE;SEASHELLS;8042.0;5
0;130400;Remy;Vinnie;STRAWBERRIES;SEASHELLS;4000.0;7
0;130600;Vinnie;Remy;ROSES;SEASHELLS;14766.0;5
0;130800;Vinnie;Remy;ROSES;SEASHELLS;14764.0;3
0;131200;Rhianna;Vinnie;GIFT_BASKET;SEASHELLS;71356.0;1
0;131800;Vinnie;Vladimir;STRAWBERRIES;SEASHELLS;3997.0;3
0;131800;Remy;Vinnie;STRAWBERRIES;SEASHELLS;3998.0;8
0;132000;Vinnie;Vladimir;STRAWBERRIES;SEASHELLS;3997.0;12
0;132000;Remy;Vinnie;CHOCOLATE;SEASHELLS;8050.0;7
0;132100;Vinnie;Remy;CHOCOLATE;SEASHELLS;8048.0;5
0;133000;Remy;Vinnie;STRAWBERRIES;SEASHELLS;4000.0;8
0;133200;Remy;Vinnie;ROSES;SEASHELLS;14779.0;4
0;133400;Vinnie;Vladimir;STRAWBERRIES;SEASHELLS;4000.0;3
0;133500;Vinnie;Remy;STRAWBERRIES;SEASHELLS;3999.0;4
0;133500;Vladimir;Rhianna;GIFT_BASKET;SEASHELLS;71401.0;7
0;133600;Vinnie;Ruby;GIFT_BASKET;SEASHELLS;71414.0;2
0;133700;Vinnie;Remy;ROSES;SEASHELLS;14780.0;5
0;134000;Remy;Vinnie;ROSES;SEASHELLS;14784.0;5
0;134700;Vinnie;Remy;STRAWBERRIES;SEASHELLS;3999.0;8
0;134900;Vinnie;Remy;STRAWBERRIES;SEASHELLS;3999.0;6
0;135200;Vinnie;Remy;STRAWBERRIES;SEASHELLS;3999.0;4
0;135300;Remy;Vinnie;CHOCOLATE;SEASHELLS;8044.0;7
0;135800;Rhianna;Vinnie;GIFT_BASKET;SEASHELLS;71336.0;2
0;135800;Vinnie;Ruby;GIFT_BASKET;SEASHELLS;71325.0;2
0;135800;Rhianna;Vladimir;GIFT_BASKET;SEASHELLS;71336.0;5
0;136200;Remy;Vinnie;STRAWBERRIES;SEASHELLS;4002.0;9
0;136200;Vinnie;Remy;ROSES;SEASHELLS;14761.0;5
0;136300;Vinnie;Vladimir;STRAWBERRIES;SEASHELLS;4001.0;4
0;136600;Vinnie;Vladimir;ROSES;SEASHELLS;14756.0;8
0;137400;Vladimir;Ruby;GIFT_BASKET;SEASHELLS;71305.0;7
0;137400;Vinnie;Remy;STRAWBERRIES;SEASHELLS;4001.0;6
0;137600;Remy;Vinnie;ROSES;SEASHELLS;14750.0;1
0;138300;Ruby;Vladimir;GIFT_BASKET;SEASHELLS;71326.0;8
0;138400;Remy;Vinnie;ROSES;SEASHELLS;14747.0;2
0;138500;Remy;Vinnie;STRAWBERRIES;SEASHELLS;4002.0;8
0;138700;Vladimir;Ruby;GIFT_BASKET;SEASHELLS;71331.0;7
0;138700;Vinnie;Rhianna;GIFT_BASKET;SEASHELLS;71332.0;2
0;138800;Vinnie;Remy;CHOCOLATE;SEASHELLS;8041.0;6
0;138800;Vinnie;Remy;ROSES;SEASHELLS;14754.0;3
0;140900;Remy;Vinnie;ROSES;SEASHELLS;14758.0;3
0;141000;Vinnie;Vladimir;ROSES;SEASHELLS;14760.0;4
0;141200;Vinnie;Remy;CHOCOLATE;SEASHELLS;8046.0;6
0;141200;Vinnie;Vladimir;CHOCOLATE;SEASHELLS;8046.0;6
0;141300;Vinnie;Remy;STRAWBERRIES;SEASHELLS;3999.0;5
0;142000;Vinnie;Remy;STRAWBERRIES;SEASHELLS;3998.0;4
0;142200;Remy;Vinnie;CHOCOLATE;SEASHELLS;8048.0;6
0;142700;Vinnie;Remy;ROSES;SEASHELLS;14759.0;2
0;143100;Vinnie;Remy;CHOCOLATE;SEASHELLS;8043.0;7
0;143100;Vinnie;Remy;ROSES;SEASHELLS;14760.0;2
0;143200;Vinnie;Vladimir;STRAWBERRIES;SEASHELLS;3997.0;5
0;143300;Remy;Vinnie;ROSES;SEASHELLS;14764.0;3
0;144200;Remy;Vinnie;STRAWBERRIES;SEASHELLS;3998.0;9
0;144300;Vinnie;Remy;STRAWBERRIES;SEASHELLS;3997.0;9
0;145300;Vinnie;Remy;ROSES;SEASHELLS;14750.0;3
0;145400;Vinnie;Rhianna;GIFT_BASKET;SEASHELLS;71442.0;1
0;145400;Remy;Vinnie;ROSES;SEASHELLS;14755.0;5
0;145400;Vladimir;Rhianna;GIFT_BASKET;SEASHELLS;71442.0;7
0;145800;Remy;Vinnie;STRAWBERRIES;SEASHELLS;3998.0;4
0;146000;Ruby;Vinnie;GIFT_BASKET;SEASHELLS;71449.0;2
0;146000;Vinnie;Remy;CHOCOLATE;SEASHELLS;8046.0;7
0;146300;Remy;Vinnie;STRAWBERRIES;SEASHELLS;3999.0;8
0;146700;Vinnie;Vladimir;STRAWBERRIES;SEASHELLS;3997.0;4
0;147000;Vinnie;Remy;CHOCOLATE;SEASHELLS;8048.0;6
0;147600;Remy;Vinnie;STRAWBERRIES;SEASHELLS;3999.0;6
0;147700;Vinnie;Remy;CHOCOLATE;SEASHELLS;8046.0;6
0;147800;Vinnie;Remy;STRAWBERRIES;SEASHELLS;3997.0;5
0;148200;Remy;Vinnie;ROSES;SEASHELLS;14748.0;5
0;148300;Remy;Vinnie;ROSES;SEASHELLS;14750.0;5
0;148700;Vladimir;Rhianna;GIFT_BASKET;SEASHELLS;71401.0;2
0;149000;Remy;Vinnie;STRAWBERRIES;SEASHELLS;4000.0;6
0;149200;Vinnie;Remy;STRAWBERRIES;SEASHELLS;3998.0;10
0;149600;Remy;Vinnie;CHOCOLATE;SEASHELLS;8040.0;7
0;149700;Vinnie;Vladimir;ROSES;SEASHELLS;14747.0;11
0;150400;Vinnie;Remy;CHOCOLATE;SEASHELLS;8046.0;8
0;150700;Vinnie;Remy;CHOCOLATE;SEASHELLS;8045.0;6
0;150700;Remy;Vinnie;STRAWBERRIES;SEASHELLS;3999.0;9
0;151300;Remy;Vinnie;CHOCOLATE;SEASHELLS;8045.0;8
0;151500;Vinnie;Ruby;GIFT_BASKET;SEASHELLS;71449.0;2
0;151600;Vinnie;Ruby;GIFT_BASKET;SEASHELLS;71433.0;1
0;152000;Remy;Vinnie;ROSES;SEASHELLS;14776.0;3
0;152000;Vinnie;Remy;CHOCOLATE;SEASHELLS;8047.0;5
0;152500;Remy;Vinnie;CHOCOLATE;SEASHELLS;8048.0;5
0;152600;Ruby;Vinnie;GIFT_BASKET;SEASHELLS;71448.0;1
0;152900;Vinnie;Vladimir;CHOCOLATE;SEASHELLS;8041.0;5
0;153000;Remy;Vinnie;CHOCOLATE;SEASHELLS;8044.0;5
0;153100;Remy;Vinnie;STRAWBERRIES;SEASHELLS;4000.0;10
0;153500;Vladimir;Rhianna;GIFT_BASKET;SEASHELLS;71439.0;6
0;153500;Remy;Vinnie;ROSES;SEASHELLS;14786.0;3
0;154000;Vinnie;Remy;CHOCOLATE;SEASHELLS;8044.0;6
0;154100;Remy;Vinnie;STRAWBERRIES;SEASHELLS;4001.0;10
0;154200;Remy;Vinnie;CHOCOLATE;SEASHELLS;8047.0;7
0;154700;Vinnie;Remy;CHOCOLATE;SEASHELLS;8042.0;8
0;154900;Vinnie;Remy;STRAWBERRIES;SEASHELLS;3998.0;5
0;155000;Vinnie;Remy;STRAWBERRIES;SEASHELLS;3998.0;5
0;155000;Vinnie;Vladimir;STRAWBERRIES;SEASHELLS;3998.0;10
0;155500;Vinnie;Vladimir;STRAWBERRIES;SEASHELLS;3998.0;11
0;155600;Vinnie;Remy;CHOCOLATE;SEASHELLS;8037.0;7
0;156100;Remy;Vinnie;ROSES;SEASHELLS;14785.0;5
0;156200;Vinnie;Remy;ROSES;SEASHELLS;14788.0;4
0;156400;Remy;Vinnie;CHOCOLATE;SEASHELLS;8034.0;6
0;156500;Vinnie;Remy;STRAWBERRIES;SEASHELLS;3998.0;9
0;156600;Vinnie;Remy;CHOCOLATE;SEASHELLS;8035.0;5
0;156900;Vinnie;Remy;STRAWBERRIES;SEASHELLS;3997.0;9
0;157100;Remy;Vinnie;CHOCOLATE;SEASHELLS;8038.0;6
0;157600;Vinnie;Remy;STRAWBERRIES;SEASHELLS;3995.0;7
0;157600;Vinnie;Remy;ROSES;SEASHELLS;14794.0;4
0;157800;Vinnie;Remy;CHOCOLATE;SEASHELLS;8043.0;7
0;158000;Vinnie;Remy;STRAWBERRIES;SEASHELLS;3993.0;9
0;158100;Vinnie;Remy;ROSES;SEASHELLS;14788.0;3
0;158500;Vinnie;Vladimir;STRAWBERRIES;SEASHELLS;3992.0;11
0;158500;Remy;Vinnie;CHOCOLATE;SEASHELLS;8044.0;6
0;158600;Rhianna;Vinnie;GIFT_BASKET;SEASHELLS;71449.0;1
0;158600;Rhianna;Vladimir;GIFT_BASKET;SEASHELLS;71449.0;1
0;158800;Ruby;Vinnie;GIFT_BASKET;SEASHELLS;71452.0;1
0;159000;Vinnie;Remy;CHOCOLATE;SEASHELLS;8041.0;8
0;159300;Vinnie;Remy;STRAWBERRIES;SEASHELLS;3993.0;6
0;160300;Vinnie;Vladimir;STRAWBERRIES;SEASHELLS;3993.0;12
0;160300;Vinnie;Remy;ROSES;SEASHELLS;14785.0;1
0;160300;Vinnie;Remy;STRAWBERRIES;SEASHELLS;3993.0;10
0;160700;Vinnie;Vladimir;STRAWBERRIES;SEASHELLS;3994.0;11
0;160900;Remy;Vinnie;STRAWBERRIES;SEASHELLS;3996.0;5
0;161100;Vinnie;Vladimir;CHOCOLATE;SEASHELLS;8037.0;5
0;161200;Vinnie;Rhianna;GIFT_BASKET;SEASHELLS;71444.0;2
0;161400;Vinnie;Remy;ROSES;SEASHELLS;14781.0;1
0;161600;Vinnie;Vladimir;CHOCOLATE;SEASHELLS;8036.0;10
0;162900;Vinnie;Vladimir;STRAWBERRIES;SEASHELLS;3996.0;7
0;163000;Vinnie;Vladimir;STRAWBERRIES;SEASHELLS;3996.0;4
0;163400;Vinnie;Vladimir;STRAWBERRIES;SEASHELLS;3996.0;8
0;163500;Remy;Vinnie;STRAWBERRIES;SEASHELLS;3997.0;6
0;163800;Vinnie;Rhianna;GIFT_BASKET;SEASHELLS;71407.0;2
0;163800;Vladimir;Rhianna;GIFT_BASKET;SEASHELLS;71407.0;1
0;163900;Vinnie;Vladimir;STRAWBERRIES;SEASHELLS;3996.0;3
0;164000;Remy;Vinnie;CHOCOLATE;SEASHELLS;8035.0;6
0;164300;Vinnie;Remy;CHOCOLATE;SEASHELLS;8032.0;8
0;165200;Ruby;Vinnie;GIFT_BASKET;SEASHELLS;71380.0;1
0;165400;Vinnie;Vladimir;STRAWBERRIES;SEASHELLS;3996.0;6
0;165600;Vladimir;Ruby;GIFT_BASKET;SEASHELLS;71386.0;8
0;165800;Remy;Vinnie;ROSES;SEASHELLS;14773.0;5
0;166700;Vinnie;Vladimir;STRAWBERRIES;SEASHELLS;3997.0;11
0;166900;Vinnie;Remy;STRAWBERRIES;SEASHELLS;3997.0;7
0;167000;Vinnie;Remy;ROSES;SEASHELLS;14760.0;5
0;167200;Vinnie;Remy;STRAWBERRIES;SEASHELLS;3996.0;5
0;167300;Vinnie;Remy;STRAWBERRIES;SEASHELLS;3996.0;8
0;167400;Vinnie;Vladimir;STRAWBERRIES;SEASHELLS;3995.0;11
0;167500;Remy;Vinnie;STRAWBERRIES;SEASHELLS;3997.0;6
0;167600;Vinnie;Vladimir;ROSES;SEASHELLS;14755.0;5
0;168100;Remy;Vinnie;CHOCOLATE;SEASHELLS;8027.0;6
0;168200;Remy;Vinnie;CHOCOLATE;SEASHELLS;8026.0;7
0;168300;Vinnie;Remy;CHOCOLATE;SEASHELLS;8025.0;5
0;169500;Vinnie;Remy;STRAWBERRIES;SEASHELLS;3996.0;6
0;169800;Remy;Vinnie;CHOCOLATE;SEASHELLS;8028.0;5
0;169900;Remy;Vinnie;CHOCOLATE;SEASHELLS;8027.0;6
0;170300;Vinnie;Remy;ROSES;SEASHELLS;14717.0;1
0;170500;Vinnie;Vladimir;STRAWBERRIES;SEASHELLS;3995.0;5
0;170700;Remy;Vinnie;ROSES;SEASHELLS;14719.0;2
0;170900;Remy;Vinnie;STRAWBERRIES;SEASHELLS;3994.0;4
0;171200;Vinnie;Vladimir;CHOCOLATE;SEASHELLS;8026.0;9
0;171200;Vinnie;Remy;STRAWBERRIES;SEASHELLS;3993.0;7
0;171600;Remy;Vinnie;CHOCOLATE;SEASHELLS;8029.0;7
0;171900;Vladimir;Rhianna;GIFT_BASKET;SEASHELLS;71311.0;5
0;172000;Vinnie;Vladimir;STRAWBERRIES;SEASHELLS;3994.0;10
0;172100;Remy;Vinnie;STRAWBERRIES;SEASHELLS;3996.0;10
0;172600;Remy;Vinnie;ROSES;SEASHELLS;14729.0;5
0;172700;Remy;Vinnie;CHOCOLATE;SEASHELLS;8030.0;8
0;173700;Vinnie;Vladimir;CHOCOLATE;SEASHELLS;8023.0;10
0;173900;Vinnie;Vladimir;CHOCOLATE;SEASHELLS;8023.0;8
0;174300;Vinnie;Remy;STRAWBERRIES;SEASHELLS;3994.0;4
0;174400;Vinnie;Remy;ROSES;SEASHELLS;14716.0;2
0;174400;Vinnie;Remy;CHOCOLATE;SEASHELLS;8025.0;6
0;175000;Remy;Vinnie;ROSES;SEASHELLS;14725.0;3
0;175200;Remy;Vinnie;STRAWBERRIES;SEASHELLS;3995.0;6
0;175700;Remy;Vinnie;ROSES;SEASHELLS;14722.0;2
0;175800;Vinnie;Remy;STRAWBERRIES;SEASHELLS;3993.0;5
0;175800;Remy;Vinnie;ROSES;SEASHELLS;14720.0;3
0;176000;Vinnie;Remy;STRAWBERRIES;SEASHELLS;3994.0;4
0;176000;Vinnie;Vladimir;STRAWBERRIES;SEASHELLS;3994.0;10
0;176800;Vinnie;Remy;STRAWBERRIES;SEASHELLS;3996.0;6
0;177100;Vinnie;Remy;STRAWBERRIES;SEASHELLS;3995.0;5
0;177200;Vinnie;Ruby;GIFT_BASKET;SEASHELLS;71260.0;2
0;177500;Vinnie;Vladimir;ROSES;SEASHELLS;14728.0;11
0;177600;Vladimir;Ruby;GIFT_BASKET;SEASHELLS;71266.0;7
0;177800;Vinnie;Remy;STRAWBERRIES;SEASHELLS;3996.0;5
0;178900;Vinnie;Vladimir;STRAWBERRIES;SEASHELLS;3996.0;6
0;178900;Remy;Vinnie;ROSES;SEASHELLS;14730.0;1
0;179000;Remy;Vinnie;CHOCOLATE;SEASHELLS;8020.0;5
0;179200;Vinnie;Ruby;GIFT_BASKET;SEASHELLS;71239.0;1
0;180000;Remy;Vinnie;ROSES;SEASHELLS;14706.0;1
0;180100;Vinnie;Vladimir;CHOCOLATE;SEASHELLS;8020.0;7
0;180200;Remy;Vinnie;STRAWBERRIES;SEASHELLS;3997.0;4
0;180300;Vinnie;Remy;CHOCOLATE;SEASHELLS;8020.0;7
0;180300;Remy;Vinnie;ROSES;SEASHELLS;14703.0;1
0;181200;Vinnie;Remy;ROSES;SEASHELLS;14713.0;3
0;181300;Vinnie;Remy;CHOCOLATE;SEASHELLS;8017.0;6
0;181400;Vinnie;Vladimir;STRAWBERRIES;SEASHELLS;3997.0;11
0;181700;Vinnie;Remy;ROSES;SEASHELLS;14716.0;3
0;181900;Vinnie;Remy;STRAWBERRIES;SEASHELLS;3996.0;9
0;181900;Remy;Vinnie;CHOCOLATE;SEASHELLS;8020.0;5
0;182400;Remy;Vinnie;STRAWBERRIES;SEASHELLS;3998.0;8
0;182600;Ruby;Vinnie;GIFT_BASKET;SEASHELLS;71286.0;2
0;182900;Vinnie;Vladimir;CHOCOLATE;SEASHELLS;8027.0;6
0;183600;Remy;Vinnie;CHOCOLATE;SEASHELLS;8032.0;8
0;183900;Vinnie;Remy;ROSES;SEASHELLS;14710.0;2
0;184100;Vladimir;Rhianna;GIFT_BASKET;SEASHELLS;71299.0;2
0;184100;Vinnie;Remy;CHOCOLATE;SEASHELLS;8032.0;8
0;184500;Remy;Vinnie;STRAWBERRIES;SEASHELLS;4001.0;10
0;184600;Ruby;Vinnie;GIFT_BASKET;SEASHELLS;71318.0;2
0;184600;Vinnie;Remy;STRAWBERRIES;SEASHELLS;4000.0;5
0;184800;Remy;Vinnie;STRAWBERRIES;SEASHELLS;4001.0;4
0;185500;Vinnie;Remy;STRAWBERRIES;SEASHELLS;4000.0;4
0;185700;Vinnie;Remy;CHOCOLATE;SEASHELLS;8030.0;8
0;186300;Vinnie;Vladimir;STRAWBERRIES;SEASHELLS;4001.0;6
0;187000;Vinnie;Remy;ROSES;SEASHELLS;14734.0;4
0;187600;Vinnie;Remy;ROSES;SEASHELLS;14738.0;4
0;187800;Ruby;Vladimir;GIFT_BASKET;SEASHELLS;71372.0;10
0;187800;Vinnie;Remy;STRAWBERRIES;SEASHELLS;4001.0;8
0;188400;Remy;Vinnie;ROSES;SEASHELLS;14745.0;3
0;188500;Ruby;Vladimir;GIFT_BASKET;SEASHELLS;71339.0;10
0;188600;Remy;Vinnie;ROSES;SEASHELLS;14737.0;1
0;188700;Remy;Vinnie;STRAWBERRIES;SEASHELLS;4002.0;7
0;188900;Vinnie;Vladimir;ROSES;SEASHELLS;14738.0;8
0;189900;Rhianna;Vladimir;GIFT_BASKET;SEASHELLS;71377.0;4
0;189900;Rhianna;Vinnie;GIFT_BASKET;SEASHELLS;71377.0;2
0;190000;Remy;Vinnie;ROSES;SEASHELLS;14747.0;1
0;191700;Vinnie;Remy;ROSES;SEASHELLS;14758.0;4
0;191900;Vinnie;Vladimir;STRAWBERRIES;SEASHELLS;4001.0;9
0;192200;Remy;Vinnie;STRAWBERRIES;SEASHELLS;4002.0;10
0;192600;Vinnie;Remy;CHOCOLATE;SEASHELLS;8024.0;6
0;192700;Vinnie;Remy;ROSES;SEASHELLS;14771.0;2
0;192900;Vladimir;Rhianna;GIFT_BASKET;SEASHELLS;71350.0;2
0;193300;Vinnie;Vladimir;STRAWBERRIES;SEASHELLS;4003.0;10
0;193400;Vinnie;Vladimir;ROSES;SEASHELLS;14768.0;5
0;193700;Vinnie;Remy;ROSES;SEASHELLS;14767.0;1
0;193800;Remy;Vinnie;STRAWBERRIES;SEASHELLS;4003.0;8
0;193900;Vinnie;Vladimir;STRAWBERRIES;SEASHELLS;4002.0;9
0;194100;Vinnie;Remy;STRAWBERRIES;SEASHELLS;4002.0;4
0;194300;Vinnie;Rhianna;GIFT_BASKET;SEASHELLS;71284.0;1
0;194300;Vladimir;Rhianna;GIFT_BASKET;SEASHELLS;71283.0;2
0;194700;Vinnie;Vladimir;ROSES;SEASHELLS;14760.0;6
0;194900;Vinnie;Remy;CHOCOLATE;SEASHELLS;8019.0;7
0;195000;Vinnie;Remy;ROSES;SEASHELLS;14758.0;3
0;195200;Vinnie;Remy;ROSES;SEASHELLS;14758.0;3
0;195300;Vladimir;Rhianna;GIFT_BASKET;SEASHELLS;71272.0;4
0;195300;Vinnie;Rhianna;GIFT_BASKET;SEASHELLS;71273.0;1
0;195900;Vinnie;Vladimir;STRAWBERRIES;SEASHELLS;4002.0;6
0;196000;Vinnie;Remy;CHOCOLATE;SEASHELLS;8015.0;7
0;196200;Vinnie;Remy;STRAWBERRIES;SEASHELLS;4002.0;10
0;196300;Vinnie;Remy;ROSES;SEASHELLS;14761.0;5
0;196500;Vinnie;Remy;STRAWBERRIES;SEASHELLS;4003.0;10
0;196700;Vinnie;Vladimir;STRAWBERRIES;SEASHELLS;4003.0;8
0;196800;Remy;Vinnie;STRAWBERRIES;SEASHELLS;4004.0;5
0;197100;Vinnie;Remy;CHOCOLATE;SEASHELLS;8015.0;7
0;197500;Vinnie;Remy;ROSES;SEASHELLS;14746.0;2
0;197600;Remy;Vinnie;CHOCOLATE;SEASHELLS;8020.0;7
0;197900;Ruby;Vinnie;GIFT_BASKET;SEASHELLS;71301.0;2
0;198200;Vinnie;Remy;ROSES;SEASHELLS;14753.0;3
0;198200;Vinnie;Remy;STRAWBERRIES;SEASHELLS;4003.0;10
0;198400;Remy;Vinnie;ROSES;SEASHELLS;14751.0;3
0;198500;Vinnie;Remy;CHOCOLATE;SEASHELLS;8015.0;6
0;198600;Vinnie;Vladimir;ROSES;SEASHELLS;14753.0;7
0;198600;Vinnie;Ruby;GIFT_BASKET;SEASHELLS;71277.0;1
0;198700;Remy;Vinnie;ROSES;SEASHELLS;14760.0;1
0;199100;Remy;Vinnie;ROSES;SEASHELLS;14758.0;2
0;199800;Vinnie;Remy;CHOCOLATE;SEASHELLS;8005.0;7
0;200200;Vinnie;Remy;CHOCOLATE;SEASHELLS;8009.0;6
0;200800;Remy;Vinnie;STRAWBERRIES;SEASHELLS;4005.0;4
0;201200;Remy;Vinnie;STRAWBERRIES;SEASHELLS;4005.0;4
0;201200;Vinnie;Remy;ROSES;SEASHELLS;14740.0;1
0;201700;Vinnie;Remy;ROSES;SEASHELLS;14742.0;4
0;202100;Vinnie;Vladimir;STRAWBERRIES;SEASHELLS;4004.0;11
0;202200;Remy;Vinnie;STRAWBERRIES;SEASHELLS;4005.0;5
0;202600;Vinnie;Vladimir;CHOCOLATE;SEASHELLS;8012.0;8
0;202700;Remy;Vinnie;ROSES;SEASHELLS;14748.0;4
0;202900;Vinnie;Remy;ROSES;SEASHELLS;14748.0;1
0;203000;Vinnie;Remy;CHOCOLATE;SEASHELLS;8014.0;8
0;203200;Remy;Vinnie;STRAWBERRIES;SEASHELLS;4004.0;8
0;203400;Vinnie;Remy;CHOCOLATE;SEASHELLS;8013.0;8
0;203400;Remy;Vinnie;STRAWBERRIES;SEASHELLS;4004.0;9
0;203800;Vinnie;Vladimir;STRAWBERRIES;SEASHELLS;4003.0;7
0;203800;Vinnie;Remy;STRAWBERRIES;SEASHELLS;4003.0;5
0;203900;Vinnie;Remy;STRAWBERRIES;SEASHELLS;4004.0;7
0;204300;Remy;Vinnie;CHOCOLATE;SEASHELLS;8015.0;8
0;204400;Vinnie;Vladimir;STRAWBERRIES;SEASHELLS;4004.0;4
0;204500;Vinnie;Remy;CHOCOLATE;SEASHELLS;8016.0;5
0;204800;Remy;Vinnie;ROSES;SEASHELLS;14737.0;5
0;205400;Remy;Vinnie;CHOCOLATE;SEASHELLS;8015.0;5
0;205400;Remy;Vinnie;STRAWBERRIES;SEASHELLS;4005.0;9
0;205700;Remy;Vinnie;ROSES;SEASHELLS;14757.0;4
0;205700;Remy;Vinnie;STRAWBERRIES;SEASHELLS;4005.0;6
0;205700;Vinnie;Vladimir;STRAWBERRIES;SEASHELLS;4003.0;8
0;206000;Vladimir;Ruby;GIFT_BASKET;SEASHELLS;71256.0;9
0;206000;Vinnie;Remy;STRAWBERRIES;SEASHELLS;4004.0;6
0;206100;Remy;Vinnie;CHOCOLATE;SEASHELLS;8013.0;6
0;206500;Vladimir;Vinnie;GIFT_BASKET;SEASHELLS;71266.0;1
0;207000;Remy;Vinnie;CHOCOLATE;SEASHELLS;8009.0;8
0;207100;Remy;Vinnie;CHOCOLATE;SEASHELLS;8009.0;8
0;207200;Vladimir;Ruby;GIFT_BASKET;SEASHELLS;71197.0;8
0;207600;Vinnie;Remy;ROSES;SEASHELLS;14737.0;4
0;207700;Vinnie;Remy;ROSES;SEASHELLS;14734.0;1
0;207800;Vladimir;Rhianna;GIFT_BASKET;SEASHELLS;71191.0;8
0;208000;Remy;Vinnie;STRAWBERRIES;SEASHELLS;4004.0;10
0;208100;Vinnie;Rhianna;GIFT_BASKET;SEASHELLS;71206.0;1
0;208100;Remy;Vinnie;CHOCOLATE;SEASHELLS;8006.0;5
0;208700;Vinnie;Ruby;GIFT_BASKET;SEASHELLS;71192.0;2
0;208900;Remy;Vinnie;ROSES;SEASHELLS;14749.0;1
0;208900;Vinnie;Vladimir;STRAWBERRIES;SEASHELLS;4003.0;9
0;209200;Vinnie;Vladimir;CHOCOLATE;SEASHELLS;7999.0;6
0;209200;Vinnie;Vladimir;STRAWBERRIES;SEASHELLS;4004.0;12
0;209500;Vinnie;Remy;ROSES;SEASHELLS;14743.0;1
0;210800;Vinnie;Ruby;GIFT_BASKET;SEASHELLS;71170.0;1
0;211800;Vinnie;Remy;STRAWBERRIES;SEASHELLS;4004.0;7
0;212100;Vinnie;Vladimir;CHOCOLATE;SEASHELLS;7996.0;10
0;212400;Remy;Vinnie;CHOCOLATE;SEASHELLS;7995.0;7
0;212400;Remy;Vinnie;STRAWBERRIES;SEASHELLS;4006.0;4
0;212500;Remy;Vinnie;CHOCOLATE;SEASHELLS;7996.0;7
0;213100;Remy;Vinnie;STRAWBERRIES;SEASHELLS;4007.0;10
0;213500;Vinnie;Vladimir;CHOCOLATE;SEASHELLS;7995.0;5
0;214000;Remy;Vinnie;ROSES;SEASHELLS;14769.0;3
0;214000;Remy;Vinnie;STRAWBERRIES;SEASHELLS;4009.0;10
0;214400;Rhianna;Vinnie;GIFT_BASKET;SEASHELLS;71226.0;1
0;214700;Remy;Vinnie;STRAWBERRIES;SEASHELLS;4008.0;10
0;214900;Vinnie;Remy;ROSES;SEASHELLS;14769.0;3
0;215700;Vinnie;Remy;ROSES;SEASHELLS;14779.0;5
0;216800;Vinnie;Remy;CHOCOLATE;SEASHELLS;7990.0;5
0;217100;Vinnie;Vladimir;STRAWBERRIES;SEASHELLS;4005.0;12
0;217400;Remy;Vinnie;CHOCOLATE;SEASHELLS;7991.0;7
0;217900;Remy;Vinnie;CHOCOLATE;SEASHELLS;7993.0;8
0;218100;Remy;Vinnie;STRAWBERRIES;SEASHELLS;4006.0;6
0;218900;Vinnie;Vladimir;STRAWBERRIES;SEASHELLS;4004.0;11
0;219400;Remy;Vinnie;STRAWBERRIES;SEASHELLS;4004.0;8
0;219500;Vinnie;Remy;ROSES;SEASHELLS;14749.0;4
0;220200;Vinnie;Remy;STRAWBERRIES;SEASHELLS;4002.0;6
0;220300;Vinnie;Vladimir;CHOCOLATE;SEASHELLS;7990.0;7
0;220600;Vinnie;Vladimir;CHOCOLATE;SEASHELLS;7990.0;5
0;220700;Vinnie;Ruby;GIFT_BASKET;SEASHELLS;71085.0;5
0;220800;Vinnie;Remy;CHOCOLATE;SEASHELLS;7990.0;6
0;220900;Vinnie;Vladimir;STRAWBERRIES;SEASHELLS;4001.0;6
0;221000;Remy;Vinnie;STRAWBERRIES;SEASHELLS;4002.0;6
0;221100;Vinnie;Ruby;GIFT_BASKET;SEASHELLS;71071.0;2
0;221600;Vinnie;Vladimir;STRAWBERRIES;SEASHELLS;3999.0;6
0;221800;Vinnie;Remy;CHOCOLATE;SEASHELLS;7992.0;8
0;222000;Vinnie;Remy;STRAWBERRIES;SEASHELLS;3999.0;4
0;222700;Vinnie;Remy;STRAWBERRIES;SEASHELLS;3999.0;8
0;222800;Vladimir;Ruby;GIFT_BASKET;SEASHELLS;71097.0;5
0;223100;Vinnie;Remy;ROSES;SEASHELLS;14749.0;5
0;223300;Vinnie;Vladimir;STRAWBERRIES;SEASHELLS;4001.0;12
0;223400;Vinnie;Remy;ROSES;SEASHELLS;14741.0;4
0;223600;Vinnie;Remy;CHOCOLATE;SEASHELLS;7995.0;6
0;224000;Vinnie;Vladimir;STRAWBERRIES;SEASHELLS;4001.0;6
0;224200;Vinnie;Remy;ROSES;SEASHELLS;14733.0;4
0;224700;Ruby;Vinnie;GIFT_BASKET;SEASHELLS;71118.0;2
0;224700;Remy;Vinnie;CHOCOLATE;SEASHELLS;7996.0;5
0;225000;Vinnie;Rhianna;GIFT_BASKET;SEASHELLS;71092.0;1
0;225000;Vinnie;Vladimir;CHOCOLATE;SEASHELLS;7994.0;9
0;225000;Vladimir;Rhianna;GIFT_BASKET;SEASHELLS;71091.0;6
0;225100;Remy;Vinnie;STRAWBERRIES;SEASHELLS;4003.0;8
0;225500;Remy;Vinnie;STRAWBERRIES;SEASHELLS;4002.0;5
0;225700;Remy;Vinnie;STRAWBERRIES;SEASHELLS;4003.0;10
0;225700;Remy;Vinnie;ROSES;SEASHELLS;14759.0;1
0;225900;Remy;Vinnie;ROSES;SEASHELLS;14755.0;1
0;226200;Remy;Vinnie;CHOCOLATE;SEASHELLS;7997.0;8
0;226500;Vinnie;Remy;ROSES;SEASHELLS;14748.0;2
0;226600;Vinnie;Remy;CHOCOLATE;SEASHELLS;7997.0;5
0;226800;Ruby;Vinnie;GIFT_BASKET;SEASHELLS;71135.0;1
0;226800;Remy;Vinnie;ROSES;SEASHELLS;14760.0;2
0;226900;Vladimir;Rhianna;GIFT_BASKET;SEASHELLS;71120.0;7
0;226900;Vinnie;Rhianna;GIFT_BASKET;SEASHELLS;71120.0;1
0;227700;Vinnie;Remy;STRAWBERRIES;SEASHELLS;4000.0;4
0;227800;Vinnie;Ruby;GIFT_BASKET;SEASHELLS;71095.0;1
0;228000;Vinnie;Remy;ROSES;SEASHELLS;14751.0;5
0;228100;Vinnie;Vladimir;STRAWBERRIES;SEASHELLS;3999.0;4
0;228500;Vinnie;Remy;CHOCOLATE;SEASHELLS;8002.0;6
0;228500;Vinnie;Remy;ROSES;SEASHELLS;14747.0;3
0;229700;Vinnie;Ruby;GIFT_BASKET;SEASHELLS;71078.0;2
0;229800;Remy;Vinnie;STRAWBERRIES;SEASHELLS;4000.0;8
0;230200;Vinnie;Remy;STRAWBERRIES;SEASHELLS;3998.0;7
0;230400;Vinnie;Remy;STRAWBERRIES;SEASHELLS;3998.0;6
0;230900;Vinnie;Vladimir;STRAWBERRIES;SEASHELLS;3998.0;10
0;231400;Vinnie;Remy;STRAWBERRIES;SEASHELLS;3998.0;5
0;231900;Vinnie;Remy;CHOCOLATE;SEASHELLS;7995.0;8
0;232100;Remy;Vinnie;ROSES;SEASHELLS;14734.0;4
0;232100;Vinnie;Ruby;GIFT_BASKET;SEASHELLS;70995.0;1
0;232100;Remy;Vinnie;CHOCOLATE;SEASHELLS;7998.0;5
0;232300;Vladimir;Rhianna;GIFT_BASKET;SEASHELLS;70982.0;3
0;232300;Vinnie;Vladimir;STRAWBERRIES;SEASHELLS;3996.0;6
0;232800;Remy;Vinnie;ROSES;SEASHELLS;14735.0;5
0;232900;Vinnie;Remy;CHOCOLATE;SEASHELLS;7992.0;8
0;233100;Vinnie;Remy;STRAWBERRIES;SEASHELLS;3995.0;10
0;233300;Vinnie;Rhianna;GIFT_BASKET;SEASHELLS;70962.0;1
0;233300;Vladimir;Rhianna;GIFT_BASKET;SEASHELLS;70961.0;1
0;233500;Remy;Vinnie;ROSES;SEASHELLS;14739.0;5
0;233700;Vinnie;Remy;STRAWBERRIES;SEASHELLS;3994.0;6
0;234400;Vinnie;Ruby;GIFT_BASKET;SEASHELLS;70997.0;1
0;234500;Vinnie;Remy;ROSES;SEASHELLS;14752.0;2
0;235300;Vinnie;Remy;ROSES;SEASHELLS;14738.0;3
0;237000;Vinnie;Remy;ROSES;SEASHELLS;14743.0;5
0;238000;Ruby;Vinnie;GIFT_BASKET;SEASHELLS;71005.0;1
0;238200;Remy;Vinnie;CHOCOLATE;SEASHELLS;7992.0;7
0;238200;Ruby;Vinnie;GIFT_BASKET;SEASHELLS;70992.0;2
0;238700;Remy;Vinnie;ROSES;SEASHELLS;14747.0;4
0;238700;Remy;Vinnie;STRAWBERRIES;SEASHELLS;3998.0;8
0;238800;Vinnie;Vladimir;STRAWBERRIES;SEASHELLS;3997.0;12
0;239000;Remy;Vinnie;CHOCOLATE;SEASHELLS;7996.0;5
0;239100;Vinnie;Vladimir;STRAWBERRIES;SEASHELLS;3996.0;4
0;239200;Vinnie;Vladimir;CHOCOLATE;SEASHELLS;7994.0;10
0;239300;Remy;Vinnie;STRAWBERRIES;SEASHELLS;3997.0;9
0;240300;Vinnie;Vladimir;STRAWBERRIES;SEASHELLS;3997.0;9
0;240500;Remy;Vinnie;CHOCOLATE;SEASHELLS;7998.0;8
0;240600;Vinnie;Vladimir;STRAWBERRIES;SEASHELLS;3998.0;3
0;240700;Remy;Vinnie;STRAWBERRIES;SEASHELLS;3999.0;6
0;240700;Vinnie;Vladimir;STRAWBERRIES;SEASHELLS;3998.0;5
0;240800;Vinnie;Remy;ROSES;SEASHELLS;14731.0;2
0;240900;Vinnie;Vladimir;STRAWBERRIES;SEASHELLS;3998.0;11
0;240900;Rhianna;Vinnie;GIFT_BASKET;SEASHELLS;71014.0;1
0;241300;Remy;Vinnie;ROSES;SEASHELLS;14730.0;1
0;242100;Remy;Vinnie;ROSES;SEASHELLS;14737.0;1
0;242200;Remy;Vinnie;ROSES;SEASHELLS;14730.0;3
0;242200;Vinnie;Vladimir;STRAWBERRIES;SEASHELLS;3998.0;4
0;242600;Remy;Vinnie;ROSES;SEASHELLS;14732.0;3
0;244000;Vinnie;Rhianna;GIFT_BASKET;SEASHELLS;70987.0;2
0;244000;Remy;Vinnie;CHOCOLATE;SEASHELLS;7997.0;7
0;244100;Remy;Vinnie;ROSES;SEASHELLS;14747.0;4
0;244400;Vinnie;Remy;CHOCOLATE;SEASHELLS;7993.0;5
0;244400;Vinnie;Remy;STRAWBERRIES;SEASHELLS;3997.0;8
0;244700;Vinnie;Remy;STRAWBERRIES;SEASHELLS;3997.0;6
0;244900;Remy;Vinnie;ROSES;SEASHELLS;14740.0;5
0;245700;Remy;Vinnie;STRAWBERRIES;SEASHELLS;3998.0;9
0;245900;Remy;Vinnie;CHOCOLATE;SEASHELLS;7993.0;8
0;246600;Vinnie;Remy;STRAWBERRIES;SEASHELLS;3998.0;7
0;247000;Vinnie;Vladimir;ROSES;SEASHELLS;14732.0;6
0;247000;Remy;Vinnie;ROSES;SEASHELLS;14733.0;2
0;247400;Vinnie;Remy;ROSES;SEASHELLS;14729.0;4
0;247700;Ruby;Vinnie;GIFT_BASKET;SEASHELLS;70968.0;6
0;247900;Vinnie;Rhianna;GIFT_BASKET;SEASHELLS;70979.0;2
0;248200;Remy;Vinnie;ROSES;SEASHELLS;14727.0;1
0;248400;Vinnie;Vladimir;ROSES;SEASHELLS;14727.0;6
0;248500;Remy;Vinnie;STRAWBERRIES;SEASHELLS;4001.0;10
0;248600;Vinnie;Remy;STRAWBERRIES;SEASHELLS;4000.0;7
0;248900;Remy;Vinnie;ROSES;SEASHELLS;14734.0;4
0;249300;Vinnie;Vladimir;STRAWBERRIES;SEASHELLS;4002.0;5
0;249400;Vinnie;Remy;CHOCOLATE;SEASHELLS;7986.0;5
0;249500;Vinnie;Remy;ROSES;SEASHELLS;14746.0;2
0;249600;Vinnie;Vladimir;STRAWBERRIES;SEASHELLS;4001.0;9
0;249600;Remy;Vinnie;ROSES;SEASHELLS;14747.0;1
0;250200;Vinnie;Vladimir;CHOCOLATE;SEASHELLS;7983.0;9
0;250300;Remy;Vinnie;ROSES;SEASHELLS;14745.0;2
0;250300;Remy;Vinnie;STRAWBERRIES;SEASHELLS;4003.0;5
0;250500;Vinnie;Remy;CHOCOLATE;SEASHELLS;7983.0;7
0;251000;Vinnie;Remy;STRAWBERRIES;SEASHELLS;4003.0;6
0;251400;Vinnie;Vladimir;STRAWBERRIES;SEASHELLS;4003.0;9
0;252500;Remy;Vinnie;ROSES;SEASHELLS;14742.0;3
0;252700;Vinnie;Vladimir;CHOCOLATE;SEASHELLS;7982.0;6
0;252800;Vinnie;Vladimir;STRAWBERRIES;SEASHELLS;4004.0;6
0;253100;Remy;Vinnie;CHOCOLATE;SEASHELLS;7987.0;5
0;253100;Vinnie;Vladimir;STRAWBERRIES;SEASHELLS;4003.0;6
0;253500;Remy;Vinnie;CHOCOLATE;SEASHELLS;7987.0;7
0;253700;Ruby;Vinnie;GIFT_BASKET;SEASHELLS;70979.0;1
0;254100;Remy;Vinnie;STRAWBERRIES;SEASHELLS;4003.0;9
0;254100;Remy;Vinnie;ROSES;SEASHELLS;14736.0;3
0;254300;Vladimir;Ruby;GIFT_BASKET;SEASHELLS;71003.0;9
0;255100;Vinnie;Vladimir;STRAWBERRIES;SEASHELLS;4002.0;9
0;255300;Vinnie;Remy;CHOCOLATE;SEASHELLS;7989.0;7
0;255500;Ruby;Vladimir;GIFT_BASKET;SEASHELLS;71061.0;5
0;255700;Vinnie;Remy;STRAWBERRIES;SEASHELLS;4003.0;9
0;256300;Vinnie;Remy;ROSES;SEASHELLS;14728.0;1
0;256400;Remy;Vinnie;CHOCOLATE;SEASHELLS;7988.0;6
0;256600;Rhianna;Vinnie;GIFT_BASKET;SEASHELLS;71058.0;1
0;256700;Remy;Vinnie;STRAWBERRIES;SEASHELLS;4004.0;5
0;256900;Vinnie;Remy;CHOCOLATE;SEASHELLS;7987.0;7
0;257000;Remy;Vinnie;STRAWBERRIES;SEASHELLS;4004.0;6
0;257100;Remy;Vinnie;CHOCOLATE;SEASHELLS;7986.0;7
0;257200;Vinnie;Vladimir;CHOCOLATE;SEASHELLS;7984.0;5
0;257400;Vinnie;Remy;ROSES;SEASHELLS;14749.0;2
0;257500;Remy;Vinnie;CHOCOLATE;SEASHELLS;7988.0;5
0;257600;Remy;Vinnie;STRAWBERRIES;SEASHELLS;4004.0;10
0;257700;Remy;Vinnie;STRAWBERRIES;SEASHELLS;4004.0;5
0;258100;Vladimir;Vinnie;GIFT_BASKET;SEASHELLS;71024.0;1
0;258200;Vinnie;Vladimir;STRAWBERRIES;SEASHELLS;4002.0;10
0;258300;Vinnie;Remy;ROSES;SEASHELLS;14757.0;5
0;258900;Vinnie;Vladimir;STRAWBERRIES;SEASHELLS;4003.0;11
0;259400;Vinnie;Vladimir;CHOCOLATE;SEASHELLS;7990.0;5
0;259500;Vinnie;Remy;ROSES;SEASHELLS;14755.0;5
0;260700;Ruby;Vladimir;GIFT_BASKET;SEASHELLS;71051.0;5
0;261000;Vladimir;Rhianna;GIFT_BASKET;SEASHELLS;71026.0;2
0;261000;Remy;Vinnie;STRAWBERRIES;SEASHELLS;4005.0;6
0;261200;Vinnie;Vladimir;STRAWBERRIES;SEASHELLS;4004.0;11
0;261400;Remy;Vinnie;STRAWBERRIES;SEASHELLS;4005.0;6
0;261800;Remy;Vinnie;ROSES;SEASHELLS;14752.0;1
0;262000;Vinnie;Remy;STRAWBERRIES;SEASHELLS;4003.0;9
0;262100;Vinnie;Remy;ROSES;SEASHELLS;14748.0;1
0;262100;Vinnie;Vladimir;ROSES;SEASHELLS;14748.0;7
0;262200;Remy;Vinnie;STRAWBERRIES;SEASHELLS;4005.0;4
0;262500;Vinnie;Remy;STRAWBERRIES;SEASHELLS;4004.0;8
0;262900;Remy;Vinnie;CHOCOLATE;SEASHELLS;7985.0;8
0;263000;Vinnie;Vladimir;ROSES;SEASHELLS;14741.0;4
0;263200;Vinnie;Remy;STRAWBERRIES;SEASHELLS;4004.0;9
0;263300;Vinnie;Remy;ROSES;SEASHELLS;14749.0;2
0;263300;Remy;Vinnie;CHOCOLATE;SEASHELLS;7985.0;5
0;263600;Vinnie;Vladimir;ROSES;SEASHELLS;14751.0;4
0;264100;Vinnie;Vladimir;CHOCOLATE;SEASHELLS;7981.0;10
0;264200;Remy;Vinnie;CHOCOLATE;SEASHELLS;7982.0;5
0;264400;Remy;Vinnie;ROSES;SEASHELLS;14763.0;5
0;264400;Remy;Vinnie;STRAWBERRIES;SEASHELLS;4005.0;9
0;264600;Remy;Vinnie;ROSES;SEASHELLS;14763.0;1
0;264800;Remy;Vinnie;ROSES;SEASHELLS;14763.0;3
0;265600;Vinnie;Vladimir;CHOCOLATE;SEASHELLS;7981.0;6
0;265700;Vinnie;Remy;ROSES;SEASHELLS;14775.0;3
0;266000;Remy;Vinnie;STRAWBERRIES;SEASHELLS;4005.0;10
0;266000;Remy;Vinnie;ROSES;SEASHELLS;14783.0;5
0;266100;Vinnie;Rhianna;GIFT_BASKET;SEASHELLS;71044.0;1
0;266100;Vladimir;Rhianna;GIFT_BASKET;SEASHELLS;71043.0;4
0;266200;Ruby;Vinnie;GIFT_BASKET;SEASHELLS;71058.0;2
0;266400;Remy;Vinnie;CHOCOLATE;SEASHELLS;7986.0;6
0;266500;Vinnie;Vladimir;STRAWBERRIES;SEASHELLS;4003.0;4
0;266800;Vinnie;Remy;ROSES;SEASHELLS;14791.0;3
0;267000;Remy;Vinnie;CHOCOLATE;SEASHELLS;7986.0;5
0;267300;Vinnie;Remy;ROSES;SEASHELLS;14784.0;3
0;267800;Remy;Vinnie;CHOCOLATE;SEASHELLS;7992.0;7
0;267900;Remy;Vinnie;ROSES;SEASHELLS;14797.0;4
0;268100;Remy;Vinnie;CHOCOLATE;SEASHELLS;7991.0;5
0;268100;Vinnie;Vladimir;STRAWBERRIES;SEASHELLS;4003.0;12
0;268200;Vinnie;Remy;CHOCOLATE;SEASHELLS;7989.0;7
0;268500;Remy;Vinnie;STRAWBERRIES;SEASHELLS;4003.0;7
0;268500;Vinnie;Remy;CHOCOLATE;SEASHELLS;7989.0;7
0;268900;Remy;Vinnie;ROSES;SEASHELLS;14776.0;4
0;269100;Vinnie;Remy;CHOCOLATE;SEASHELLS;7991.0;7
0;269300;Vinnie;Remy;STRAWBERRIES;SEASHELLS;4002.0;5
0;269800;Vinnie;Remy;ROSES;SEASHELLS;14786.0;5
0;270000;Vinnie;Remy;ROSES;SEASHELLS;14784.0;4
0;270200;Vinnie;Remy;CHOCOLATE;SEASHELLS;7995.0;6
0;270400;Vinnie;Remy;ROSES;SEASHELLS;14779.0;3
0;270800;Vinnie;Remy;CHOCOLATE;SEASHELLS;7994.0;7
0;270900;Remy;Vinnie;ROSES;SEASHELLS;14778.0;2
0;271000;Remy;Vinnie;CHOCOLATE;SEASHELLS;7996.0;6
0;271100;Vinnie;Remy;CHOCOLATE;SEASHELLS;7997.0;6
0;271400;Vinnie;Vladimir;CHOCOLATE;SEASHELLS;7999.0;6
0;271600;Remy;Vinnie;CHOCOLATE;SEASHELLS;8000.0;6
0;271600;Remy;Vinnie;ROSES;SEASHELLS;14780.0;4
0;271800;Remy;Vinnie;CHOCOLATE;SEASHELLS;7998.0;8
0;272100;Vinnie;Rhianna;GIFT_BASKET;SEASHELLS;71020.0;1
0;272100;Vladimir;Rhianna;GIFT_BASKET;SEASHELLS;71019.0;6
0;272900;Vinnie;Remy;STRAWBERRIES;SEASHELLS;3998.0;6
0;273000;Vinnie;Remy;CHOCOLATE;SEASHELLS;7994.0;7
0;273400;Vinnie;Remy;CHOCOLATE;SEASHELLS;7992.0;8
0;273800;Vinnie;Remy;ROSES;SEASHELLS;14761.0;3
0;273900;Vinnie;Remy;STRAWBERRIES;SEASHELLS;3998.0;9
0;274400;Vinnie;Remy;STRAWBERRIES;SEASHELLS;3998.0;8
0;274800;Remy;Vinnie;ROSES;SEASHELLS;14758.0;2
0;275300;Remy;Vinnie;CHOCOLATE;SEASHELLS;7987.0;6
0;275300;Vinnie;Vladimir;STRAWBERRIES;SEASHELLS;3999.0;9
0;275400;Vinnie;Remy;ROSES;SEASHELLS;14757.0;3
0;275700;Vinnie;Remy;ROSES;SEASHELLS;14747.0;4
0;275900;Remy;Vinnie;ROSES;SEASHELLS;14746.0;1
0;275900;Vinnie;Remy;CHOCOLATE;SEASHELLS;7985.0;7
0;276300;Vinnie;Remy;ROSES;SEASHELLS;14738.0;5
0;276400;Remy;Vinnie;ROSES;SEASHELLS;14737.0;3
0;276500;Vinnie;Remy;STRAWBERRIES;SEASHELLS;3999.0;10
0;276600;Vinnie;Remy;STRAWBERRIES;SEASHELLS;4000.0;10
0;276900;Remy;Vinnie;ROSES;SEASHELLS;14741.0;3
0;277400;Remy;Vinnie;ROSES;SEASHELLS;14748.0;1
0;277400;Vinnie;Remy;CHOCOLATE;SEASHELLS;7987.0;6
0;278100;Remy;Vinnie;ROSES;SEASHELLS;14753.0;4
0;278200;Vinnie;Remy;CHOCOLATE;SEASHELLS;7991.0;7
0;278400;Vinnie;Remy;CHOCOLATE;SEASHELLS;7989.0;7
0;278500;Remy;Vinnie;STRAWBERRIES;SEASHELLS;4000.0;4
0;279000;Remy;Vinnie;STRAWBERRIES;SEASHELLS;3999.0;10
0;279200;Vinnie;Vladimir;STRAWBERRIES;SEASHELLS;3998.0;4
0;279600;Vinnie;Remy;STRAWBERRIES;SEASHELLS;3997.0;9
0;279700;Rhianna;Vinnie;GIFT_BASKET;SEASHELLS;70929.0;2
0;279700;Rhianna;Vladimir;GIFT_BASKET;SEASHELLS;70929.0;2
0;281000;Vinnie;Remy;ROSES;SEASHELLS;14762.0;2
0;281200;Vinnie;Vladimir;STRAWBERRIES;SEASHELLS;3995.0;11
0;281400;Remy;Vinnie;ROSES;SEASHELLS;14748.0;2
0;281700;Vinnie;Ruby;GIFT_BASKET;SEASHELLS;70850.0;2
0;281700;Vinnie;Remy;CHOCOLATE;SEASHELLS;7989.0;5
0;281700;Vinnie;Remy;ROSES;SEASHELLS;14747.0;5
0;281900;Remy;Vinnie;ROSES;SEASHELLS;14746.0;4
0;282200;Vinnie;Remy;ROSES;SEASHELLS;14750.0;2
0;282400;Remy;Vinnie;STRAWBERRIES;SEASHELLS;3996.0;8
0;282600;Vinnie;Remy;STRAWBERRIES;SEASHELLS;3994.0;6
0;282700;Vinnie;Remy;CHOCOLATE;SEASHELLS;7993.0;7
0;283300;Remy;Vinnie;ROSES;SEASHELLS;14734.0;1
0;283600;Remy;Vinnie;STRAWBERRIES;SEASHELLS;3996.0;5
0;283800;Remy;Vinnie;STRAWBERRIES;SEASHELLS;3996.0;8
0;284900;Vinnie;Remy;STRAWBERRIES;SEASHELLS;3994.0;4
0;285200;Vinnie;Vladimir;STRAWBERRIES;SEASHELLS;3994.0;11
0;285500;Remy;Vinnie;ROSES;SEASHELLS;14733.0;4
0;285700;Remy;Vinnie;CHOCOLATE;SEASHELLS;8000.0;6
0;285700;Vinnie;Remy;ROSES;SEASHELLS;14731.0;1
0;285800;Remy;Vinnie;ROSES;SEASHELLS;14737.0;2
0;286700;Remy;Vinnie;CHOCOLATE;SEASHELLS;7994.0;5
0;287800;Vinnie;Remy;CHOCOLATE;SEASHELLS;7997.0;7
0;288100;Remy;Vinnie;ROSES;SEASHELLS;14740.0;3
0;288400;Ruby;Vinnie;GIFT_BASKET;SEASHELLS;70910.0;2
0;288500;Vinnie;Remy;STRAWBERRIES;SEASHELLS;3992.0;7
0;288600;Rhianna;Vinnie;GIFT_BASKET;SEASHELLS;70909.0;6
0;288700;Remy;Vinnie;ROSES;SEASHELLS;14739.0;1
0;288800;Remy;Vinnie;STRAWBERRIES;SEASHELLS;3994.0;5
0;288900;Remy;Vinnie;CHOCOLATE;SEASHELLS;7998.0;5
0;289100;Vladimir;Rhianna;GIFT_BASKET;SEASHELLS;70895.0;4
0;289200;Remy;Vinnie;CHOCOLATE;SEASHELLS;7998.0;7
0;289700;Remy;Vinnie;ROSES;SEASHELLS;14732.0;3
0;289800;Vinnie;Vladimir;ROSES;SEASHELLS;14723.0;5
0;290000;Rhianna;Vinnie;GIFT_BASKET;SEASHELLS;70871.0;1
0;290000;Rhianna;Vladimir;GIFT_BASKET;SEASHELLS;70871.0;7
0;291500;Vinnie;Remy;ROSES;SEASHELLS;14725.0;5
0;291700;Vinnie;Vladimir;STRAWBERRIES;SEASHELLS;3988.0;12
0;292100;Vinnie;Remy;ROSES;SEASHELLS;14722.0;2
0;292500;Rhianna;Vladimir;GIFT_BASKET;SEASHELLS;70869.0;5
0;292500;Remy;Vinnie;ROSES;SEASHELLS;14727.0;3
0;292500;Rhianna;Vinnie;GIFT_BASKET;SEASHELLS;70869.0;1
0;293000;Vinnie;Remy;CHOCOLATE;SEASHELLS;7995.0;5
0;293500;Vinnie;Remy;STRAWBERRIES;SEASHELLS;3987.0;8
0;293600;Remy;Vinnie;ROSES;SEASHELLS;14735.0;3
0;294000;Remy;Vinnie;STRAWBERRIES;SEASHELLS;3989.0;5
0;294100;Remy;Vinnie;STRAWBERRIES;SEASHELLS;3989.0;7
0;294300;Remy;Vinnie;ROSES;SEASHELLS;14741.0;2
0;294400;Remy;Vinnie;STRAWBERRIES;SEASHELLS;3989.0;10
0;294600;Ruby;Vinnie;GIFT_BASKET;SEASHELLS;70906.0;1
0;295000;Vinnie;Vladimir;STRAWBERRIES;SEASHELLS;3988.0;3
0;295000;Remy;Vinnie;STRAWBERRIES;SEASHELLS;3989.0;6
0;295200;Remy;Vinnie;ROSES;SEASHELLS;14731.0;1
0;295400;Remy;Vinnie;ROSES;SEASHELLS;14733.0;2
0;295800;Vinnie;Remy;ROSES;SEASHELLS;14723.0;4
0;295800;Vinnie;Vladimir;CHOCOLATE;SEASHELLS;7992.0;8
0;295800;Remy;Vinnie;STRAWBERRIES;SEASHELLS;3989.0;9
0;295900;Vinnie;Remy;ROSES;SEASHELLS;14724.0;1
0;295900;Vinnie;Remy;STRAWBERRIES;SEASHELLS;3987.0;9
0;296000;Vinnie;Vladimir;STRAWBERRIES;SEASHELLS;3988.0;12
0;296300;Vinnie;Remy;ROSES;SEASHELLS;14732.0;4
0;296500;Vinnie;Remy;CHOCOLATE;SEASHELLS;7996.0;7
0;296600;Vinnie;Remy;ROSES;SEASHELLS;14733.0;2
0;297500;Vinnie;Remy;STRAWBERRIES;SEASHELLS;3987.0;8
0;297500;Vinnie;Remy;CHOCOLATE;SEASHELLS;8000.0;7
0;297900;Remy;Vinnie;STRAWBERRIES;SEASHELLS;3987.0;5
0;298100;Vinnie;Remy;CHOCOLATE;SEASHELLS;8004.0;6
0;298800;Vinnie;Remy;CHOCOLATE;SEASHELLS;8004.0;5
0;299300;Vinnie;Remy;STRAWBERRIES;SEASHELLS;3985.0;7
0;299400;Ruby;Vinnie;GIFT_BASKET;SEASHELLS;70915.0;1
0;300400;Vinnie;Remy;ROSES;SEASHELLS;14703.0;1
0;300500;Vinnie;Remy;CHOCOLATE;SEASHELLS;8009.0;8
0;300600;Vinnie;Vladimir;ROSES;SEASHELLS;14704.0;6
0;301000;Vinnie;Remy;CHOCOLATE;SEASHELLS;8012.0;7
0;301600;Rhianna;Vladimir;GIFT_BASKET;SEASHELLS;70901.0;7
0;301600;Vinnie;Vladimir;CHOCOLATE;SEASHELLS;8016.0;9
0;302100;Vinnie;Remy;ROSES;SEASHELLS;14696.0;2
0;302200;Ruby;Vinnie;GIFT_BASKET;SEASHELLS;70886.0;1
0;302300;Vinnie;Vladimir;STRAWBERRIES;SEASHELLS;3985.0;6
0;303000;Vinnie;Remy;STRAWBERRIES;SEASHELLS;3985.0;10
0;303000;Vinnie;Vladimir;STRAWBERRIES;SEASHELLS;3985.0;9
0;303000;Rhianna;Vinnie;GIFT_BASKET;SEASHELLS;70934.0;1
0;303000;Remy;Vinnie;CHOCOLATE;SEASHELLS;8017.0;6
0;303200;Remy;Vinnie;STRAWBERRIES;SEASHELLS;3986.0;7
0;303400;Vinnie;Remy;CHOCOLATE;SEASHELLS;8014.0;7
0;303700;Remy;Vinnie;STRAWBERRIES;SEASHELLS;3986.0;7
0;303800;Remy;Vinnie;ROSES;SEASHELLS;14707.0;3
0;304300;Vinnie;Vladimir;ROSES;SEASHELLS;14701.0;4
0;304300;Remy;Vinnie;ROSES;SEASHELLS;14702.0;2
0;304400;Vinnie;Remy;STRAWBERRIES;SEASHELLS;3984.0;5
0;304400;Remy;Vinnie;ROSES;SEASHELLS;14699.0;2
0;304800;Remy;Vinnie;CHOCOLATE;SEASHELLS;8011.0;8
0;305000;Vinnie;Vladimir;STRAWBERRIES;SEASHELLS;3984.0;8
0;305500;Vinnie;Remy;STRAWBERRIES;SEASHELLS;3984.0;8
0;305700;Remy;Vinnie;STRAWBERRIES;SEASHELLS;3985.0;6
0;306200;Vinnie;Remy;CHOCOLATE;SEASHELLS;8012.0;6
0;306500;Remy;Vinnie;STRAWBERRIES;SEASHELLS;3988.0;5
0;307000;Vinnie;Remy;CHOCOLATE;SEASHELLS;8013.0;5
0;307200;Vladimir;Ruby;GIFT_BASKET;SEASHELLS;70930.0;5
0;307300;Remy;Vinnie;ROSES;SEASHELLS;14720.0;5
0;308100;Remy;Vinnie;ROSES;SEASHELLS;14712.0;3
0;308700;Remy;Vinnie;CHOCOLATE;SEASHELLS;8023.0;7
0;309600;Remy;Vladimir;STRAWBERRIES;SEASHELLS;3988.0;7
0;309700;Vinnie;Remy;CHOCOLATE;SEASHELLS;8018.0;7
0;309900;Remy;Vinnie;STRAWBERRIES;SEASHELLS;3987.0;8
0;310300;Remy;Vinnie;ROSES;SEASHELLS;14728.0;5
0;310500;Remy;Vinnie;ROSES;SEASHELLS;14727.0;3
0;310700;Remy;Vinnie;ROSES;SEASHELLS;14731.0;2
0;311000;Vinnie;Remy;ROSES;SEASHELLS;14735.0;2
0;311100;Vinnie;Remy;CHOCOLATE;SEASHELLS;8018.0;8
0;311200;Vinnie;Remy;CHOCOLATE;SEASHELLS;8017.0;6
0;311400;Vinnie;Rhianna;GIFT_BASKET;SEASHELLS;70974.0;1
0;311400;Vladimir;Rhianna;GIFT_BASKET;SEASHELLS;70973.0;3
0;311400;Remy;Vinnie;CHOCOLATE;SEASHELLS;8017.0;5
0;312100;Remy;Vinnie;ROSES;SEASHELLS;14737.0;4
0;312200;Remy;Vinnie;CHOCOLATE;SEASHELLS;8018.0;5
0;312300;Remy;Vinnie;ROSES;SEASHELLS;14736.0;2
0;312400;Remy;Vinnie;ROSES;SEASHELLS;14732.0;5
0;312700;Vinnie;Rhianna;GIFT_BASKET;SEASHELLS;70987.0;5
0;312700;Vinnie;Rhianna;GIFT_BASKET;SEASHELLS;70982.0;1
0;312800;Remy;Vinnie;CHOCOLATE;SEASHELLS;8016.0;5
0;313500;Vinnie;Vladimir;STRAWBERRIES;SEASHELLS;3989.0;7
0;313700;Vinnie;Remy;CHOCOLATE;SEASHELLS;8013.0;5
0;314300;Vinnie;Remy;CHOCOLATE;SEASHELLS;8017.0;6
0;314500;Vinnie;Remy;ROSES;SEASHELLS;14739.0;2
0;314900;Vinnie;Remy;ROSES;SEASHELLS;14741.0;4
0;315200;Remy;Vinnie;STRAWBERRIES;SEASHELLS;3992.0;5
0;315300;Remy;Vinnie;CHOCOLATE;SEASHELLS;8023.0;6
0;315800;Remy;Vinnie;CHOCOLATE;SEASHELLS;8022.0;8
0;315900;Vinnie;Vladimir;CHOCOLATE;SEASHELLS;8023.0;9
0;316000;Remy;Vinnie;STRAWBERRIES;SEASHELLS;3993.0;4
0;316100;Vinnie;Remy;ROSES;SEASHELLS;14751.0;4
0;316200;Vinnie;Vladimir;STRAWBERRIES;SEASHELLS;3993.0;8
0;316600;Ruby;Vinnie;GIFT_BASKET;SEASHELLS;71118.0;2
0;316600;Vinnie;Remy;STRAWBERRIES;SEASHELLS;3993.0;4
0;316900;Vinnie;Remy;STRAWBERRIES;SEASHELLS;3992.0;6
0;317200;Remy;Vinnie;STRAWBERRIES;SEASHELLS;3994.0;10
0;317300;Vinnie;Remy;ROSES;SEASHELLS;14756.0;3
0;317500;Vinnie;Remy;STRAWBERRIES;SEASHELLS;3992.0;5
0;317600;Remy;Vinnie;CHOCOLATE;SEASHELLS;8029.0;8
0;317800;Vladimir;Rhianna;GIFT_BASKET;SEASHELLS;71141.0;1
0;317800;Vinnie;Rhianna;GIFT_BASKET;SEASHELLS;71142.0;1
0;317900;Vinnie;Vladimir;CHOCOLATE;SEASHELLS;8029.0;6
0;318100;Vinnie;Remy;STRAWBERRIES;SEASHELLS;3992.0;8
0;318200;Rhianna;Vladimir;GIFT_BASKET;SEASHELLS;71152.0;6
0;318300;Remy;Vinnie;ROSES;SEASHELLS;14757.0;2
0;318400;Vinnie;Vladimir;CHOCOLATE;SEASHELLS;8028.0;5
0;318400;Remy;Vinnie;STRAWBERRIES;SEASHELLS;3994.0;6
0;318400;Vinnie;Vladimir;STRAWBERRIES;SEASHELLS;3993.0;5
0;318500;Vinnie;Remy;STRAWBERRIES;SEASHELLS;3993.0;9
0;319100;Vinnie;Vladimir;CHOCOLATE;SEASHELLS;8024.0;9
0;319200;Remy;Vinnie;ROSES;SEASHELLS;14774.0;3
0;319200;Remy;Vinnie;STRAWBERRIES;SEASHELLS;3996.0;10
0;320000;Vinnie;Remy;STRAWBERRIES;SEASHELLS;3996.0;5
0;320100;Vinnie;Remy;CHOCOLATE;SEASHELLS;8020.0;6
0;320100;Vinnie;Ruby;GIFT_BASKET;SEASHELLS;71161.0;1
0;320200;Vinnie;Remy;STRAWBERRIES;SEASHELLS;3996.0;4
0;320300;Vinnie;Remy;CHOCOLATE;SEASHELLS;8021.0;5
0;320300;Vinnie;Remy;STRAWBERRIES;SEASHELLS;3996.0;7
0;320500;Remy;Vinnie;CHOCOLATE;SEASHELLS;8022.0;7
0;320600;Remy;Vinnie;CHOCOLATE;SEASHELLS;8023.0;8
0;320800;Vinnie;Remy;ROSES;SEASHELLS;14792.0;2
0;321500;Remy;Vinnie;CHOCOLATE;SEASHELLS;8020.0;8
0;321700;Remy;Vinnie;ROSES;SEASHELLS;14810.0;2
0;322200;Vinnie;Remy;ROSES;SEASHELLS;14811.0;5
0;322500;Vinnie;Remy;CHOCOLATE;SEASHELLS;8023.0;8
0;323000;Remy;Vinnie;CHOCOLATE;SEASHELLS;8028.0;6
0;323200;Remy;Vinnie;STRAWBERRIES;SEASHELLS;4001.0;8
0;323700;Remy;Vinnie;ROSES;SEASHELLS;14806.0;1
0;323800;Vinnie;Remy;ROSES;SEASHELLS;14805.0;2
0;324600;Vinnie;Vladimir;STRAWBERRIES;SEASHELLS;4000.0;7
0;324700;Remy;Vinnie;CHOCOLATE;SEASHELLS;8026.0;8
0;324900;Rhianna;Vladimir;GIFT_BASKET;SEASHELLS;71311.0;1
0;324900;Rhianna;Vinnie;GIFT_BASKET;SEASHELLS;71311.0;2
0;325200;Vinnie;Remy;STRAWBERRIES;SEASHELLS;4001.0;5
0;325700;Vinnie;Vladimir;STRAWBERRIES;SEASHELLS;4000.0;9
0;325700;Vinnie;Remy;ROSES;SEASHELLS;14799.0;3
0;326200;Vinnie;Remy;STRAWBERRIES;SEASHELLS;3999.0;9
0;326200;Vinnie;Vladimir;CHOCOLATE;SEASHELLS;8016.0;10
0;326300;Vinnie;Remy;ROSES;SEASHELLS;14792.0;5
0;326400;Vinnie;Remy;STRAWBERRIES;SEASHELLS;3999.0;10
0;326500;Vinnie;Remy;ROSES;SEASHELLS;14791.0;3
0;326500;Vinnie;Remy;STRAWBERRIES;SEASHELLS;4000.0;8
0;326900;Vinnie;Remy;ROSES;SEASHELLS;14791.0;3
0;327000;Vinnie;Vladimir;STRAWBERRIES;SEASHELLS;4000.0;11
0;327000;Ruby;Vladimir;GIFT_BASKET;SEASHELLS;71280.0;5
0;327100;Vinnie;Vladimir;CHOCOLATE;SEASHELLS;8020.0;7
0;327200;Vinnie;Remy;ROSES;SEASHELLS;14799.0;4
0;327400;Vinnie;Vladimir;STRAWBERRIES;SEASHELLS;3999.0;4
0;327800;Vinnie;Remy;STRAWBERRIES;SEASHELLS;3998.0;6
0;327900;Vinnie;Remy;CHOCOLATE;SEASHELLS;8022.0;6
0;328400;Remy;Vinnie;STRAWBERRIES;SEASHELLS;4001.0;9
0;328500;Remy;Vinnie;STRAWBERRIES;SEASHELLS;4001.0;10
0;328600;Vinnie;Remy;CHOCOLATE;SEASHELLS;8024.0;7
0;328600;Vinnie;Vladimir;ROSES;SEASHELLS;14793.0;9
0;328700;Remy;Vinnie;ROSES;SEASHELLS;14792.0;4
0;328900;Vinnie;Vladimir;CHOCOLATE;SEASHELLS;8022.0;8
0;329700;Remy;Vinnie;STRAWBERRIES;SEASHELLS;4002.0;7
0;329800;Vinnie;Remy;ROSES;SEASHELLS;14796.0;4
0;330100;Vinnie;Remy;STRAWBERRIES;SEASHELLS;4000.0;10
0;330600;Remy;Vinnie;ROSES;SEASHELLS;14788.0;4
0;330800;Vinnie;Remy;ROSES;SEASHELLS;14782.0;3
0;331100;Remy;Vinnie;ROSES;SEASHELLS;14779.0;3
0;331300;Vinnie;Remy;ROSES;SEASHELLS;14784.0;1
0;331300;Remy;Vinnie;CHOCOLATE;SEASHELLS;8024.0;8
0;331600;Remy;Vinnie;CHOCOLATE;SEASHELLS;8028.0;7
0;332300;Vinnie;Vladimir;STRAWBERRIES;SEASHELLS;4005.0;12
0;332800;Ruby;Vinnie;GIFT_BASKET;SEASHELLS;71321.0;2
0;332900;Vinnie;Vladimir;CHOCOLATE;SEASHELLS;8020.0;6
0;332900;Vladimir;Rhianna;GIFT_BASKET;SEASHELLS;71312.0;3
0;332900;Vinnie;Rhianna;GIFT_BASKET;SEASHELLS;71313.0;1
0;333000;Remy;Vinnie;ROSES;SEASHELLS;14780.0;3
0;333000;Vinnie;Vladimir;STRAWBERRIES;SEASHELLS;4006.0;9
0;333700;Remy;Vinnie;CHOCOLATE;SEASHELLS;8020.0;7
0;333700;Vinnie;Remy;STRAWBERRIES;SEASHELLS;4005.0;8
0;334000;Vinnie;Remy;CHOCOLATE;SEASHELLS;8018.0;6
0;334100;Remy;Vinnie;STRAWBERRIES;SEASHELLS;4006.0;4
0;334400;Remy;Vinnie;CHOCOLATE;SEASHELLS;8022.0;7
0;334500;Vinnie;Remy;ROSES;SEASHELLS;14778.0;2
0;334600;Remy;Vinnie;CHOCOLATE;SEASHELLS;8021.0;8
0;334900;Vinnie;Remy;STRAWBERRIES;SEASHELLS;4005.0;7
0;335400;Vinnie;Vladimir;ROSES;SEASHELLS;14779.0;7
0;335400;Remy;Vinnie;ROSES;SEASHELLS;14781.0;5
0;336000;Vinnie;Vladimir;ROSES;SEASHELLS;14781.0;6
0;336100;Vinnie;Vladimir;CHOCOLATE;SEASHELLS;8020.0;7
0;336300;Vinnie;Ruby;GIFT_BASKET;SEASHELLS;71314.0;2
0;336700;Remy;Vinnie;STRAWBERRIES;SEASHELLS;4007.0;8
0;338100;Remy;Vinnie;CHOCOLATE;SEASHELLS;8018.0;8
0;338200;Ruby;Vinnie;GIFT_BASKET;SEASHELLS;71275.0;2
0;338800;Vinnie;Remy;CHOCOLATE;SEASHELLS;8018.0;6
0;338900;Vinnie;Ruby;GIFT_BASKET;SEASHELLS;71257.0;2
0;339100;Vladimir;Rhianna;GIFT_BASKET;SEASHELLS;71251.0;2
0;339300;Remy;Vinnie;STRAWBERRIES;SEASHELLS;4011.0;4
0;339500;Remy;Vinnie;ROSES;SEASHELLS;14799.0;1
0;339500;Vinnie;Remy;STRAWBERRIES;SEASHELLS;4009.0;5
0;339700;Vladimir;Ruby;GIFT_BASKET;SEASHELLS;71290.0;7
0;339700;Vinnie;Remy;CHOCOLATE;SEASHELLS;8022.0;5
0;339700;Vinnie;Vladimir;STRAWBERRIES;SEASHELLS;4011.0;9
0;340000;Remy;Vladimir;CHOCOLATE;SEASHELLS;8022.0;4
0;340100;Vinnie;Remy;ROSES;SEASHELLS;14785.0;5
0;340400;Remy;Vinnie;CHOCOLATE;SEASHELLS;8021.0;7
0;341000;Vinnie;Remy;STRAWBERRIES;SEASHELLS;4010.0;6
0;341400;Vinnie;Remy;STRAWBERRIES;SEASHELLS;4011.0;8
0;341800;Remy;Vinnie;CHOCOLATE;SEASHELLS;8019.0;8
0;342000;Vinnie;Remy;ROSES;SEASHELLS;14788.0;5
0;342000;Vinnie;Remy;STRAWBERRIES;SEASHELLS;4011.0;7
0;342300;Vinnie;Vladimir;STRAWBERRIES;SEASHELLS;4011.0;6
0;342400;Vinnie;Vladimir;CHOCOLATE;SEASHELLS;8019.0;6
0;342900;Vinnie;Remy;STRAWBERRIES;SEASHELLS;4012.0;6
0;343300;Vinnie;Remy;ROSES;SEASHELLS;14781.0;5
0;343900;Vinnie;Remy;STRAWBERRIES;SEASHELLS;4013.0;4
0;344700;Remy;Vinnie;CHOCOLATE;SEASHELLS;8010.0;7
0;344800;Remy;Vinnie;CHOCOLATE;SEASHELLS;8009.0;7
0;345200;Rhianna;Vinnie;GIFT_BASKET;SEASHELLS;71250.0;2
0;345200;Rhianna;Vladimir;GIFT_BASKET;SEASHELLS;71250.0;3
0;345700;Remy;Vinnie;CHOCOLATE;SEASHELLS;8009.0;5
0;345800;Remy;Vinnie;CHOCOLATE;SEASHELLS;8008.0;8
0;346100;Remy;Vinnie;ROSES;SEASHELLS;14775.0;5
0;346200;Remy;Vinnie;STRAWBERRIES;SEASHELLS;4012.0;7
0;346200;Vinnie;Remy;CHOCOLATE;SEASHELLS;8004.0;5
0;346300;Remy;Vinnie;ROSES;SEASHELLS;14779.0;3
0;346600;Vinnie;Remy;ROSES;SEASHELLS;14780.0;3
0;346800;Vinnie;Vladimir;STRAWBERRIES;SEASHELLS;4010.0;5
0;346900;Remy;Vinnie;STRAWBERRIES;SEASHELLS;4012.0;4
0;347000;Vinnie;Remy;ROSES;SEASHELLS;14794.0;3
0;347300;Vinnie;Remy;STRAWBERRIES;SEASHELLS;4009.0;9
0;347400;Remy;Vinnie;STRAWBERRIES;SEASHELLS;4011.0;5
0;347600;Vinnie;Vladimir;STRAWBERRIES;SEASHELLS;4009.0;4
0;347900;Remy;Vinnie;ROSES;SEASHELLS;14791.0;5
0;347900;Vinnie;Remy;STRAWBERRIES;SEASHELLS;4009.0;6
0;348100;Vinnie;Remy;CHOCOLATE;SEASHELLS;8011.0;5
0;348700;Vinnie;Remy;ROSES;SEASHELLS;14788.0;5
0;349000;Rhianna;Vladimir;GIFT_BASKET;SEASHELLS;71308.0;6
0;349300;Remy;Vinnie;ROSES;SEASHELLS;14780.0;3
0;349400;Remy;Vinnie;STRAWBERRIES;SEASHELLS;4011.0;4
0;349900;Remy;Vinnie;STRAWBERRIES;SEASHELLS;4012.0;7
0;350100;Remy;Vinnie;CHOCOLATE;SEASHELLS;8011.0;8
0;350100;Remy;Vinnie;ROSES;SEASHELLS;14779.0;5
0;350300;Vinnie;Remy;CHOCOLATE;SEASHELLS;8010.0;5
0;350400;Vinnie;Remy;STRAWBERRIES;SEASHELLS;4010.0;6
0;351400;Vinnie;Remy;STRAWBERRIES;SEASHELLS;4012.0;6
0;352000;Vinnie;Remy;STRAWBERRIES;SEASHELLS;4013.0;8
0;352200;Vinnie;Remy;STRAWBERRIES;SEASHELLS;4014.0;10
0;352900;Vinnie;Remy;STRAWBERRIES;SEASHELLS;4013.0;5
0;352900;Vinnie;Vladimir;STRAWBERRIES;SEASHELLS;4013.0;10
0;353800;Rhianna;Vladimir;GIFT_BASKET;SEASHELLS;71239.0;3
0;353800;Rhianna;Vinnie;GIFT_BASKET;SEASHELLS;71239.0;2
0;354000;Vinnie;Remy;STRAWBERRIES;SEASHELLS;4013.0;4
0;354900;Vinnie;Vladimir;STRAWBERRIES;SEASHELLS;4013.0;11
0;355000;Remy;Vinnie;STRAWBERRIES;SEASHELLS;4014.0;9
0;355000;Vinnie;Remy;ROSES;SEASHELLS;14749.0;1
0;355400;Vinnie;Vladimir;STRAWBERRIES;SEASHELLS;4013.0;5
0;355500;Remy;Vinnie;STRAWBERRIES;SEASHELLS;4015.0;5
0;356100;Vinnie;Vladimir;STRAWBERRIES;SEASHELLS;4014.0;10
0;356200;Ruby;Vinnie;GIFT_BASKET;SEASHELLS;71166.0;2
0;357200;Vinnie;Remy;CHOCOLATE;SEASHELLS;8003.0;8
0;357300;Vinnie;Vladimir;ROSES;SEASHELLS;14748.0;9
0;357400;Vinnie;Remy;CHOCOLATE;SEASHELLS;8002.0;7
0;357400;Remy;Vinnie;ROSES;SEASHELLS;14749.0;5
0;357900;Vinnie;Remy;ROSES;SEASHELLS;14751.0;2
0;357900;Rhianna;Vinnie;GIFT_BASKET;SEASHELLS;71191.0;2
0;358600;Rhianna;Vinnie;GIFT_BASKET;SEASHELLS;71168.0;2
0;358600;Rhianna;Vladimir;GIFT_BASKET;SEASHELLS;71168.0;3
0;358600;Vinnie;Vladimir;STRAWBERRIES;SEASHELLS;4015.0;4
0;359000;Vinnie;Vladimir;STRAWBERRIES;SEASHELLS;4015.0;6
0;359300;Vladimir;Rhianna;GIFT_BASKET;SEASHELLS;71159.0;1
0;359300;Vinnie;Remy;ROSES;SEASHELLS;14750.0;4
0;359300;Vinnie;Rhianna;GIFT_BASKET;SEASHELLS;71165.0;4
0;359300;Vinnie;Vladimir;CHOCOLATE;SEASHELLS;7999.0;7
0;359600;Remy;Vinnie;ROSES;SEASHELLS;14759.0;4
0;359900;Vinnie;Vladimir;CHOCOLATE;SEASHELLS;8002.0;8
0;360000;Vinnie;Remy;CHOCOLATE;SEASHELLS;8003.0;7
0;360400;Remy;Vinnie;ROSES;SEASHELLS;14759.0;3
0;360500;Remy;Vinnie;CHOCOLATE;SEASHELLS;8006.0;7
0;360500;Vinnie;Rhianna;GIFT_BASKET;SEASHELLS;71177.0;1
0;360500;Vladimir;Rhianna;GIFT_BASKET;SEASHELLS;71177.0;3
0;360600;Vinnie;Remy;ROSES;SEASHELLS;14753.0;4
0;361100;Vinnie;Remy;STRAWBERRIES;SEASHELLS;4017.0;5
0;361400;Vinnie;Remy;STRAWBERRIES;SEASHELLS;4017.0;6
0;361500;Remy;Vinnie;STRAWBERRIES;SEASHELLS;4019.0;10
0;361600;Remy;Vinnie;ROSES;SEASHELLS;14742.0;2
0;361700;Vinnie;Remy;ROSES;SEASHELLS;14733.0;3
0;361800;Remy;Vinnie;ROSES;SEASHELLS;14734.0;2
0;361800;Vinnie;Remy;STRAWBERRIES;SEASHELLS;4017.0;6
0;361900;Vinnie;Remy;CHOCOLATE;SEASHELLS;8006.0;8
0;361900;Remy;Vinnie;ROSES;SEASHELLS;14729.0;1
0;362000;Vinnie;Remy;ROSES;SEASHELLS;14727.0;2
0;362200;Vinnie;Vladimir;STRAWBERRIES;SEASHELLS;4017.0;11
0;362500;Remy;Vinnie;CHOCOLATE;SEASHELLS;8006.0;7
0;362700;Vinnie;Remy;STRAWBERRIES;SEASHELLS;4017.0;7
0;363400;Rhianna;Vinnie;GIFT_BASKET;SEASHELLS;71160.0;1
0;363400;Rhianna;Vladimir;GIFT_BASKET;SEASHELLS;71160.0;3
0;363500;Vinnie;Remy;STRAWBERRIES;SEASHELLS;4017.0;4
0;364600;Vinnie;Remy;CHOCOLATE;SEASHELLS;8008.0;7
0;364600;Ruby;Vinnie;GIFT_BASKET;SEASHELLS;71175.0;2
0;364800;Vinnie;Vladimir;STRAWBERRIES;SEASHELLS;4015.0;5
0;365000;Vinnie;Remy;STRAWBERRIES;SEASHELLS;4015.0;8
0;365700;Vinnie;Rhianna;GIFT_BASKET;SEASHELLS;71169.0;4
0;365900;Vinnie;Remy;CHOCOLATE;SEASHELLS;8012.0;7
0;366100;Vinnie;Vladimir;CHOCOLATE;SEASHELLS;8011.0;5
0;366600;Vinnie;Vladimir;STRAWBERRIES;SEASHELLS;4016.0;9
0;366900;Vinnie;Remy;STRAWBERRIES;SEASHELLS;4016.0;8
0;367400;Vinnie;Vladimir;CHOCOLATE;SEASHELLS;8018.0;6
0;368200;Vinnie;Remy;CHOCOLATE;SEASHELLS;8022.0;5
0;368500;Remy;Vinnie;ROSES;SEASHELLS;14754.0;4
0;368600;Vinnie;Vladimir;CHOCOLATE;SEASHELLS;8024.0;7
0;368700;Remy;Vinnie;ROSES;SEASHELLS;14752.0;2
0;369000;Vinnie;Rhianna;GIFT_BASKET;SEASHELLS;71250.0;1
0;369000;Vinnie;Rhianna;GIFT_BASKET;SEASHELLS;71255.0;1
0;369300;Remy;Vinnie;ROSES;SEASHELLS;14748.0;3
0;369800;Vinnie;Vladimir;STRAWBERRIES;SEASHELLS;4016.0;8
0;370000;Remy;Vinnie;STRAWBERRIES;SEASHELLS;4018.0;7
0;370100;Vinnie;Remy;ROSES;SEASHELLS;14748.0;4
0;370200;Remy;Vinnie;STRAWBERRIES;SEASHELLS;4019.0;7
0;370300;Vinnie;Remy;STRAWBERRIES;SEASHELLS;4018.0;7
0;371100;Vinnie;Vladimir;STRAWBERRIES;SEASHELLS;4018.0;12
0;371300;Vinnie;Ruby;GIFT_BASKET;SEASHELLS;71324.0;1
0;371400;Vinnie;Remy;ROSES;SEASHELLS;14762.0;5
0;371600;Remy;Vinnie;ROSES;SEASHELLS;14773.0;4
0;372000;Remy;Vinnie;ROSES;SEASHELLS;14778.0;4
0;372100;Remy;Vinnie;ROSES;SEASHELLS;14777.0;5
0;372200;Remy;Vinnie;STRAWBERRIES;SEASHELLS;4020.0;8
0;372300;Vinnie;Remy;ROSES;SEASHELLS;14776.0;4
0;372400;Vinnie;Remy;ROSES;SEASHELLS;14773.0;3
0;373400;Vinnie;Remy;STRAWBERRIES;SEASHELLS;4018.0;4
0;373600;Remy;Vinnie;CHOCOLATE;SEASHELLS;8029.0;8
0;373800;Vinnie;Vladimir;STRAWBERRIES;SEASHELLS;4017.0;9
0;374200;Vinnie;Rhianna;GIFT_BASKET;SEASHELLS;71342.0;1
0;374200;Vladimir;Rhianna;GIFT_BASKET;SEASHELLS;71341.0;4
0;374400;Vinnie;Vladimir;STRAWBERRIES;SEASHELLS;4016.0;3
0;374500;Vinnie;Remy;STRAWBERRIES;SEASHELLS;4016.0;5
0;374700;Vinnie;Vladimir;STRAWBERRIES;SEASHELLS;4016.0;5
0;374800;Vinnie;Vladimir;CHOCOLATE;SEASHELLS;8028.0;4
0;374800;Vinnie;Remy;ROSES;SEASHELLS;14761.0;4
0;375000;Vinnie;Vladimir;STRAWBERRIES;SEASHELLS;4016.0;10
0;375100;Vinnie;Ruby;GIFT_BASKET;SEASHELLS;71331.0;5
0;375100;Vinnie;Remy;CHOCOLATE;SEASHELLS;8029.0;5
0;375400;Vinnie;Vladimir;STRAWBERRIES;SEASHELLS;4017.0;8
0;375600;Vinnie;Remy;ROSES;SEASHELLS;14751.0;5
0;375600;Remy;Vinnie;STRAWBERRIES;SEASHELLS;4019.0;7
0;376000;Vinnie;Remy;STRAWBERRIES;SEASHELLS;4017.0;8
0;376100;Remy;Vinnie;CHOCOLATE;SEASHELLS;8033.0;8
0;376700;Vinnie;Vladimir;ROSES;SEASHELLS;14745.0;6
0;376700;Remy;Vinnie;ROSES;SEASHELLS;14746.0;2
0;376800;Vinnie;Remy;STRAWBERRIES;SEASHELLS;4016.0;7
0;376800;Vinnie;Remy;ROSES;SEASHELLS;14743.0;1
0;376900;Vinnie;Remy;ROSES;SEASHELLS;14742.0;3
0;377500;Vinnie;Remy;CHOCOLATE;SEASHELLS;8021.0;7
0;377700;Remy;Vinnie;STRAWBERRIES;SEASHELLS;4016.0;7
0;377900;Vinnie;Remy;STRAWBERRIES;SEASHELLS;4016.0;5
0;378000;Vinnie;Remy;ROSES;SEASHELLS;14737.0;5
0;378200;Vinnie;Remy;STRAWBERRIES;SEASHELLS;4016.0;7
0;378300;Vinnie;Remy;CHOCOLATE;SEASHELLS;8021.0;7
0;378500;Vinnie;Remy;CHOCOLATE;SEASHELLS;8020.0;7
0;378600;Vinnie;Remy;STRAWBERRIES;SEASHELLS;4015.0;4
0;379100;Ruby;Vinnie;GIFT_BASKET;SEASHELLS;71186.0;1
0;380300;Vinnie;Remy;ROSES;SEASHELLS;14737.0;2
0;381300;Remy;Vinnie;STRAWBERRIES;SEASHELLS;4016.0;4
0;381900;Vinnie;Remy;ROSES;SEASHELLS;14737.0;4
0;382000;Remy;Vinnie;ROSES;SEASHELLS;14740.0;4
0;382100;Vinnie;Remy;CHOCOLATE;SEASHELLS;8019.0;8
0;382300;Vinnie;Remy;STRAWBERRIES;SEASHELLS;4014.0;4
0;382400;Remy;Vinnie;STRAWBERRIES;SEASHELLS;4015.0;9
0;382700;Vinnie;Vladimir;ROSES;SEASHELLS;14735.0;8
0;382900;Vinnie;Remy;STRAWBERRIES;SEASHELLS;4014.0;6
0;383900;Remy;Vinnie;CHOCOLATE;SEASHELLS;8022.0;5
0;384200;Ruby;Vladimir;GIFT_BASKET;SEASHELLS;71259.0;10
0;384300;Remy;Vinnie;ROSES;SEASHELLS;14752.0;4
0;384400;Remy;Vinnie;STRAWBERRIES;SEASHELLS;4016.0;6
0;385100;Vinnie;Vladimir;STRAWBERRIES;SEASHELLS;4015.0;3
0;385200;Vinnie;Vladimir;STRAWBERRIES;SEASHELLS;4015.0;4
0;385500;Vinnie;Vladimir;CHOCOLATE;SEASHELLS;8024.0;9
0;385700;Remy;Vinnie;CHOCOLATE;SEASHELLS;8024.0;8
0;385800;Vinnie;Remy;CHOCOLATE;SEASHELLS;8022.0;7
0;385900;Vinnie;Vladimir;STRAWBERRIES;SEASHELLS;4016.0;12
0;386800;Remy;Vinnie;ROSES;SEASHELLS;14743.0;1
0;387000;Vladimir;Rhianna;GIFT_BASKET;SEASHELLS;71236.0;4
0;387000;Vinnie;Rhianna;GIFT_BASKET;SEASHELLS;71237.0;2
0;387400;Remy;Vinnie;ROSES;SEASHELLS;14753.0;4
0;387500;Vinnie;Vladimir;ROSES;SEASHELLS;14751.0;3
0;387600;Vinnie;Vladimir;CHOCOLATE;SEASHELLS;8015.0;5
0;387900;Vinnie;Remy;CHOCOLATE;SEASHELLS;8016.0;7
0;387900;Remy;Vinnie;STRAWBERRIES;SEASHELLS;4015.0;8
0;388300;Vinnie;Vladimir;STRAWBERRIES;SEASHELLS;4014.0;10
0;389200;Vinnie;Vladimir;CHOCOLATE;SEASHELLS;8019.0;7
0;389400;Vinnie;Remy;STRAWBERRIES;SEASHELLS;4014.0;5
0;389900;Vinnie;Remy;ROSES;SEASHELLS;14758.0;2
0;390000;Remy;Vinnie;CHOCOLATE;SEASHELLS;8020.0;7
0;390200;Vinnie;Vladimir;CHOCOLATE;SEASHELLS;8018.0;6
0;390700;Vinnie;Remy;STRAWBERRIES;SEASHELLS;4017.0;9
0;390800;Vinnie;Remy;ROSES;SEASHELLS;14758.0;1
0;391100;Remy;Vinnie;STRAWBERRIES;SEASHELLS;4018.0;4
0;391300;Vinnie;Rhianna;GIFT_BASKET;SEASHELLS;71276.0;8
0;391300;Vinnie;Vladimir;STRAWBERRIES;SEASHELLS;4017.0;3
0;391300;Remy;Vinnie;STRAWBERRIES;SEASHELLS;4018.0;9
0;391400;Vinnie;Remy;ROSES;SEASHELLS;14756.0;1
0;391700;Vinnie;Ruby;GIFT_BASKET;SEASHELLS;71266.0;2
0;392400;Vinnie;Vladimir;STRAWBERRIES;SEASHELLS;4016.0;3
0;392800;Remy;Vinnie;ROSES;SEASHELLS;14754.0;1
0;392900;Vinnie;Remy;ROSES;SEASHELLS;14756.0;2
0;393300;Remy;Vinnie;CHOCOLATE;SEASHELLS;8022.0;8
0;394500;Vinnie;Remy;ROSES;SEASHELLS;14752.0;2
0;394500;Vinnie;Vladimir;STRAWBERRIES;SEASHELLS;4017.0;8
0;394600;Vinnie;Remy;STRAWBERRIES;SEASHELLS;4016.0;6
0;395100;Vinnie;Remy;STRAWBERRIES;SEASHELLS;4015.0;7
0;395200;Vinnie;Remy;ROSES;SEASHELLS;14754.0;2
0;395300;Vinnie;Remy;CHOCOLATE;SEASHELLS;8020.0;8
0;395500;Vinnie;Vladimir;CHOCOLATE;SEASHELLS;8018.0;8
0;395600;Remy;Vinnie;STRAWBERRIES;SEASHELLS;4016.0;10
0;396500;Vinnie;Remy;ROSES;SEASHELLS;14744.0;5
0;396600;Remy;Vinnie;CHOCOLATE;SEASHELLS;8019.0;7
0;396600;Remy;Vinnie;ROSES;SEASHELLS;14746.0;3
0;396700;Vladimir;Rhianna;GIFT_BASKET;SEASHELLS;71200.0;4
0;396700;Remy;Vinnie;ROSES;SEASHELLS;14749.0;3
0;396800;Remy;Vinnie;STRAWBERRIES;SEASHELLS;4015.0;8
0;396900;Vinnie;Vladimir;STRAWBERRIES;SEASHELLS;4014.0;11
0;397000;Vinnie;Remy;ROSES;SEASHELLS;14746.0;2
0;397000;Vinnie;Remy;STRAWBERRIES;SEASHELLS;4014.0;7
0;397500;Remy;Vinnie;STRAWBERRIES;SEASHELLS;4016.0;9
0;398400;Vladimir;Vinnie;GIFT_BASKET;SEASHELLS;71204.0;1
0;398700;Vinnie;Rhianna;GIFT_BASKET;SEASHELLS;71208.0;2
0;398900;Vinnie;Vladimir;ROSES;SEASHELLS;14755.0;6
0;399100;Vinnie;Remy;STRAWBERRIES;SEASHELLS;4015.0;5
0;399600;Vinnie;Vladimir;ROSES;SEASHELLS;14761.0;8
0;399800;Vinnie;Vladimir;CHOCOLATE;SEASHELLS;8009.0;6
0;399800;Vinnie;Vladimir;ROSES;SEASHELLS;14758.0;7
0;400100;Remy;Vinnie;CHOCOLATE;SEASHELLS;8013.0;7
0;400300;Rhianna;Vladimir;GIFT_BASKET;SEASHELLS;71183.0;4
0;400500;Vinnie;Vladimir;ROSES;SEASHELLS;14761.0;6
0;400700;Ruby;Vinnie;GIFT_BASKET;SEASHELLS;71220.0;2
0;400900;Remy;Vinnie;ROSES;SEASHELLS;14755.0;3
0;401700;Vinnie;Vladimir;STRAWBERRIES;SEASHELLS;4013.0;4
0;401800;Remy;Vinnie;STRAWBERRIES;SEASHELLS;4014.0;8
0;401900;Remy;Vinnie;STRAWBERRIES;SEASHELLS;4014.0;8
0;402200;Remy;Vinnie;ROSES;SEASHELLS;14740.0;3
0;402500;Remy;Vinnie;STRAWBERRIES;SEASHELLS;4013.0;4
0;402800;Remy;Vinnie;CHOCOLATE;SEASHELLS;8026.0;5
0;403000;Vinnie;Vladimir;CHOCOLATE;SEASHELLS;8025.0;4
0;403600;Vinnie;Remy;STRAWBERRIES;SEASHELLS;4011.0;8
0;403900;Remy;Vinnie;CHOCOLATE;SEASHELLS;8025.0;8
0;405000;Vinnie;Remy;ROSES;SEASHELLS;14746.0;4
0;405100;Vinnie;Remy;STRAWBERRIES;SEASHELLS;4012.0;4
0;405300;Vladimir;Rhianna;GIFT_BASKET;SEASHELLS;71121.0;2
0;405400;Vinnie;Vladimir;CHOCOLATE;SEASHELLS;8017.0;6
0;405900;Vinnie;Vladimir;CHOCOLATE;SEASHELLS;8015.0;9
0;406200;Vinnie;Remy;CHOCOLATE;SEASHELLS;8017.0;6
0;406500;Remy;Vinnie;CHOCOLATE;SEASHELLS;8019.0;6
0;407000;Remy;Vinnie;ROSES;SEASHELLS;14767.0;5
0;407100;Vinnie;Remy;ROSES;SEASHELLS;14766.0;3
0;407300;Vinnie;Remy;CHOCOLATE;SEASHELLS;8011.0;8
0;407400;Vinnie;Vladimir;CHOCOLATE;SEASHELLS;8011.0;6
0;407500;Remy;Vinnie;CHOCOLATE;SEASHELLS;8011.0;7
0;408300;Vinnie;Remy;ROSES;SEASHELLS;14760.0;3
0;408400;Vinnie;Remy;CHOCOLATE;SEASHELLS;8010.0;7
0;408700;Vinnie;Vladimir;CHOCOLATE;SEASHELLS;8009.0;10
0;408800;Vinnie;Remy;STRAWBERRIES;SEASHELLS;4015.0;10
0;409100;Vinnie;Remy;CHOCOLATE;SEASHELLS;8008.0;7
0;409400;Remy;Vinnie;STRAWBERRIES;SEASHELLS;4018.0;7
0;409400;Vinnie;Remy;CHOCOLATE;SEASHELLS;8008.0;5
0;409500;Vinnie;Vladimir;STRAWBERRIES;SEASHELLS;4017.0;8
0;409800;Vinnie;Remy;STRAWBERRIES;SEASHELLS;4017.0;4
0;409900;Rhianna;Vladimir;GIFT_BASKET;SEASHELLS;71113.0;5
0;409900;Rhianna;Vinnie;GIFT_BASKET;SEASHELLS;71113.0;2
0;410100;Ruby;Vinnie;GIFT_BASKET;SEASHELLS;71109.0;2
0;410600;Remy;Vinnie;ROSES;SEASHELLS;14787.0;5
0;411700;Remy;Vinnie;STRAWBERRIES;SEASHELLS;4017.0;9
0;411800;Vinnie;Remy;STRAWBERRIES;SEASHELLS;4015.0;8
0;411900;Vinnie;Remy;CHOCOLATE;SEASHELLS;8006.0;6
0;411900;Vinnie;Remy;ROSES;SEASHELLS;14794.0;1
0;412000;Rhianna;Vinnie;GIFT_BASKET;SEASHELLS;71075.0;2
0;412000;Rhianna;Vinnie;GIFT_BASKET;SEASHELLS;71081.0;1
0;412300;Vinnie;Vladimir;ROSES;SEASHELLS;14798.0;9
0;412300;Remy;Vinnie;STRAWBERRIES;SEASHELLS;4017.0;9
0;412500;Vinnie;Remy;STRAWBERRIES;SEASHELLS;4014.0;9
0;412900;Vinnie;Vladimir;ROSES;SEASHELLS;14803.0;7
0;412900;Vinnie;Rhianna;GIFT_BASKET;SEASHELLS;71084.0;2
0;413000;Vinnie;Remy;ROSES;SEASHELLS;14805.0;2
0;413400;Vinnie;Remy;CHOCOLATE;SEASHELLS;8008.0;8
0;413800;Vinnie;Remy;ROSES;SEASHELLS;14812.0;4
0;413900;Vinnie;Remy;ROSES;SEASHELLS;14813.0;4
0;414900;Vinnie;Vladimir;CHOCOLATE;SEASHELLS;8010.0;6
0;414900;Vinnie;Remy;ROSES;SEASHELLS;14818.0;1
0;415000;Remy;Vinnie;STRAWBERRIES;SEASHELLS;4014.0;4
0;415000;Vinnie;Rhianna;GIFT_BASKET;SEASHELLS;71083.0;1
0;415000;Vladimir;Rhianna;GIFT_BASKET;SEASHELLS;71082.0;7
0;415100;Remy;Vinnie;ROSES;SEASHELLS;14818.0;2
0;415600;Remy;Vinnie;ROSES;SEASHELLS;14819.0;1
0;415700;Remy;Vinnie;CHOCOLATE;SEASHELLS;8009.0;6
0;415800;Remy;Vinnie;CHOCOLATE;SEASHELLS;8010.0;8
0;415900;Vinnie;Remy;ROSES;SEASHELLS;14803.0;1
0;416100;Vinnie;Rhianna;GIFT_BASKET;SEASHELLS;71092.0;7
0;416100;Vladimir;Rhianna;GIFT_BASKET;SEASHELLS;71086.0;1
0;416200;Vinnie;Remy;CHOCOLATE;SEASHELLS;8009.0;7
0;416400;Remy;Vinnie;ROSES;SEASHELLS;14804.0;5
0;417600;Remy;Vinnie;ROSES;SEASHELLS;14803.0;3
0;417800;Vinnie;Remy;STRAWBERRIES;SEASHELLS;4010.0;4
0;418200;Vinnie;Remy;STRAWBERRIES;SEASHELLS;4010.0;9
0;419400;Remy;Vinnie;STRAWBERRIES;SEASHELLS;4013.0;8
0;419400;Remy;Vinnie;ROSES;SEASHELLS;14823.0;2
0;419600;Remy;Vinnie;STRAWBERRIES;SEASHELLS;4013.0;9
0;419700;Vinnie;Remy;CHOCOLATE;SEASHELLS;8027.0;6
0;420000;Remy;Vinnie;ROSES;SEASHELLS;14816.0;5
0;420100;Remy;Vinnie;ROSES;SEASHELLS;14813.0;4
0;420300;Vinnie;Vladimir;STRAWBERRIES;SEASHELLS;4012.0;8
0;420300;Vinnie;Remy;CHOCOLATE;SEASHELLS;8028.0;5
0;420500;Vinnie;Remy;CHOCOLATE;SEASHELLS;8028.0;7
0;420700;Vinnie;Vladimir;CHOCOLATE;SEASHELLS;8025.0;5
0;420800;Vinnie;Vladimir;STRAWBERRIES;SEASHELLS;4012.0;6
0;421400;Remy;Vinnie;ROSES;SEASHELLS;14802.0;4
0;421800;Vinnie;Remy;ROSES;SEASHELLS;14803.0;3
0;422000;Ruby;Vladimir;GIFT_BASKET;SEASHELLS;71220.0;8
0;422000;Remy;Vinnie;CHOCOLATE;SEASHELLS;8031.0;7
0;422300;Vinnie;Vladimir;STRAWBERRIES;SEASHELLS;4012.0;5
0;422400;Ruby;Vinnie;GIFT_BASKET;SEASHELLS;71218.0;2
0;422500;Vinnie;Remy;CHOCOLATE;SEASHELLS;8033.0;8
0;422800;Vinnie;Vladimir;STRAWBERRIES;SEASHELLS;4011.0;9
0;423600;Vinnie;Remy;STRAWBERRIES;SEASHELLS;4011.0;4
0;423600;Vinnie;Remy;ROSES;SEASHELLS;14781.0;5
0;423800;Vinnie;Vladimir;STRAWBERRIES;SEASHELLS;4011.0;3
0;423900;Vinnie;Remy;CHOCOLATE;SEASHELLS;8035.0;7
0;424100;Vinnie;Remy;CHOCOLATE;SEASHELLS;8034.0;7
0;424400;Remy;Vinnie;STRAWBERRIES;SEASHELLS;4013.0;8
0;424500;Remy;Vinnie;ROSES;SEASHELLS;14775.0;1
0;424500;Vinnie;Remy;CHOCOLATE;SEASHELLS;8036.0;5
0;425100;Vinnie;Remy;STRAWBERRIES;SEASHELLS;4012.0;7
0;426200;Vinnie;Remy;CHOCOLATE;SEASHELLS;8031.0;8
0;426300;Vinnie;Remy;ROSES;SEASHELLS;14753.0;1
0;426300;Vinnie;Vladimir;CHOCOLATE;SEASHELLS;8031.0;7
0;426900;Vinnie;Vladimir;STRAWBERRIES;SEASHELLS;4014.0;4
0;427100;Rhianna;Vinnie;GIFT_BASKET;SEASHELLS;71183.0;1
0;427100;Rhianna;Vinnie;GIFT_BASKET;SEASHELLS;71177.0;6
0;427200;Vinnie;Vladimir;CHOCOLATE;SEASHELLS;8028.0;7
0;427700;Vinnie;Remy;ROSES;SEASHELLS;14753.0;1
0;427900;Remy;Vinnie;STRAWBERRIES;SEASHELLS;4016.0;4
0;428100;Vinnie;Vladimir;CHOCOLATE;SEASHELLS;8031.0;10
0;428200;Remy;Vinnie;CHOCOLATE;SEASHELLS;8031.0;8
0;429200;Remy;Vinnie;ROSES;SEASHELLS;14738.0;2
0;429600;Vinnie;Remy;STRAWBERRIES;SEASHELLS;4014.0;9
0;430000;Remy;Vinnie;ROSES;SEASHELLS;14729.0;5
0;430100;Remy;Vinnie;ROSES;SEASHELLS;14731.0;3
0;430200;Vinnie;Remy;STRAWBERRIES;SEASHELLS;4014.0;4
0;430300;Vinnie;Remy;ROSES;SEASHELLS;14731.0;1
0;430500;Vinnie;Remy;CHOCOLATE;SEASHELLS;8028.0;5
0;430900;Remy;Vinnie;ROSES;SEASHELLS;14734.0;4
0;431000;Vinnie;Remy;ROSES;SEASHELLS;14736.0;4
0;431100;Vinnie;Remy;ROSES;SEASHELLS;14738.0;2
0;431200;Vinnie;Vladimir;STRAWBERRIES;SEASHELLS;4015.0;5
0;431200;Remy;Vinnie;ROSES;SEASHELLS;14738.0;5
0;431500;Vinnie;Vladimir;CHOCOLATE;SEASHELLS;8033.0;8
0;432600;Vinnie;Remy;CHOCOLATE;SEASHELLS;8035.0;5
0;432700;Remy;Vinnie;ROSES;SEASHELLS;14744.0;4
0;433600;Vinnie;Vladimir;CHOCOLATE;SEASHELLS;8038.0;6
0;433600;Vinnie;Remy;STRAWBERRIES;SEASHELLS;4015.0;8
0;434000;Vinnie;Vladimir;ROSES;SEASHELLS;14733.0;8
0;434500;Vinnie;Remy;ROSES;SEASHELLS;14726.0;3
0;434900;Vinnie;Remy;ROSES;SEASHELLS;14720.0;5
0;434900;Rhianna;Vinnie;GIFT_BASKET;SEASHELLS;71223.0;2
0;434900;Remy;Vinnie;CHOCOLATE;SEASHELLS;8041.0;6
0;435400;Vinnie;Remy;ROSES;SEASHELLS;14724.0;5
0;435500;Ruby;Vinnie;GIFT_BASKET;SEASHELLS;71245.0;2
0;435700;Remy;Vinnie;ROSES;SEASHELLS;14726.0;5
0;435900;Vinnie;Remy;STRAWBERRIES;SEASHELLS;4018.0;5
0;436500;Vinnie;Remy;STRAWBERRIES;SEASHELLS;4017.0;9
0;436700;Remy;Vinnie;ROSES;SEASHELLS;14730.0;2
0;437700;Vinnie;Remy;ROSES;SEASHELLS;14715.0;5
0;437800;Vinnie;Remy;ROSES;SEASHELLS;14717.0;5
0;437800;Vladimir;Rhianna;GIFT_BASKET;SEASHELLS;71238.0;3
0;437900;Vinnie;Vladimir;STRAWBERRIES;SEASHELLS;4018.0;11
0;438200;Ruby;Vinnie;GIFT_BASKET;SEASHELLS;71275.0;2
0;438500;Vinnie;Vladimir;ROSES;SEASHELLS;14722.0;10
0;438900;Vinnie;Remy;ROSES;SEASHELLS;14731.0;2
0;439200;Vinnie;Remy;CHOCOLATE;SEASHELLS;8043.0;7
0;439300;Remy;Vinnie;ROSES;SEASHELLS;14726.0;5
0;439400;Remy;Vinnie;ROSES;SEASHELLS;14727.0;3
0;439400;Vinnie;Vladimir;STRAWBERRIES;SEASHELLS;4017.0;6
0;439400;Vinnie;Vladimir;ROSES;SEASHELLS;14725.0;10
0;439400;Remy;Vinnie;STRAWBERRIES;SEASHELLS;4018.0;7
0;440200;Vinnie;Remy;CHOCOLATE;SEASHELLS;8043.0;8
0;440600;Vinnie;Vladimir;ROSES;SEASHELLS;14719.0;8
0;440600;Vinnie;Rhianna;GIFT_BASKET;SEASHELLS;71267.0;2
0;440600;Vladimir;Rhianna;GIFT_BASKET;SEASHELLS;71266.0;2
0;441100;Remy;Vinnie;STRAWBERRIES;SEASHELLS;4017.0;4
0;441200;Remy;Vinnie;ROSES;SEASHELLS;14719.0;1
0;441300;Vladimir;Rhianna;GIFT_BASKET;SEASHELLS;71288.0;6
0;441700;Vinnie;Remy;CHOCOLATE;SEASHELLS;8041.0;5
0;441700;Vinnie;Remy;STRAWBERRIES;SEASHELLS;4017.0;9
0;442200;Remy;Vinnie;STRAWBERRIES;SEASHELLS;4017.0;5
0;442300;Vinnie;Remy;CHOCOLATE;SEASHELLS;8041.0;6
0;442400;Vinnie;Vladimir;STRAWBERRIES;SEASHELLS;4015.0;10
0;442500;Remy;Vinnie;ROSES;SEASHELLS;14714.0;3
0;442500;Vinnie;Ruby;GIFT_BASKET;SEASHELLS;71256.0;1
0;443000;Vinnie;Remy;CHOCOLATE;SEASHELLS;8037.0;7
0;443100;Vladimir;Rhianna;GIFT_BASKET;SEASHELLS;71246.0;6
0;443100;Vinnie;Rhianna;GIFT_BASKET;SEASHELLS;71247.0;1
0;443700;Remy;Vinnie;ROSES;SEASHELLS;14723.0;2
0;444100;Vinnie;Vladimir;STRAWBERRIES;SEASHELLS;4014.0;8
0;444300;Vinnie;Vladimir;CHOCOLATE;SEASHELLS;8039.0;9
0;444400;Vinnie;Vladimir;STRAWBERRIES;SEASHELLS;4014.0;8
0;444600;Remy;Vinnie;ROSES;SEASHELLS;14734.0;2
0;446000;Vinnie;Remy;ROSES;SEASHELLS;14726.0;1
0;446200;Vinnie;Vladimir;STRAWBERRIES;SEASHELLS;4015.0;5
0;446300;Remy;Vinnie;ROSES;SEASHELLS;14720.0;1
0;446600;Remy;Vinnie;CHOCOLATE;SEASHELLS;8056.0;8
0;446700;Vladimir;Rhianna;GIFT_BASKET;SEASHELLS;71260.0;2
0;446700;Vinnie;Rhianna;GIFT_BASKET;SEASHELLS;71260.0;1
0;446800;Remy;Vladimir;STRAWBERRIES;SEASHELLS;4015.0;6
0;447200;Vinnie;Remy;CHOCOLATE;SEASHELLS;8058.0;6
0;447300;Vinnie;Remy;CHOCOLATE;SEASHELLS;8055.0;6
0;447700;Remy;Vinnie;ROSES;SEASHELLS;14719.0;4
0;447800;Vinnie;Vladimir;STRAWBERRIES;SEASHELLS;4016.0;12
0;447800;Vinnie;Remy;CHOCOLATE;SEASHELLS;8058.0;7
0;447800;Vinnie;Remy;ROSES;SEASHELLS;14713.0;1
0;448000;Vladimir;Rhianna;GIFT_BASKET;SEASHELLS;71253.0;2
0;448000;Vinnie;Rhianna;GIFT_BASKET;SEASHELLS;71254.0;1
0;448200;Remy;Vinnie;STRAWBERRIES;SEASHELLS;4018.0;10
0;448300;Remy;Vinnie;CHOCOLATE;SEASHELLS;8061.0;8
0;448500;Vinnie;Remy;STRAWBERRIES;SEASHELLS;4016.0;10
0;448800;Vinnie;Remy;STRAWBERRIES;SEASHELLS;4017.0;4
0;448800;Remy;Vinnie;CHOCOLATE;SEASHELLS;8059.0;5
0;448800;Remy;Vinnie;ROSES;SEASHELLS;14709.0;2
0;449100;Vinnie;Remy;ROSES;SEASHELLS;14702.0;1
0;449900;Remy;Vinnie;CHOCOLATE;SEASHELLS;8054.0;8
0;450400;Vinnie;Remy;CHOCOLATE;SEASHELLS;8053.0;8
0;450500;Remy;Vinnie;STRAWBERRIES;SEASHELLS;4020.0;5
0;450500;Remy;Vinnie;CHOCOLATE;SEASHELLS;8054.0;8
0;450600;Vinnie;Vladimir;STRAWBERRIES;SEASHELLS;4019.0;12
0;450800;Vinnie;Ruby;GIFT_BASKET;SEASHELLS;71228.0;2
0;450900;Vinnie;Vladimir;STRAWBERRIES;SEASHELLS;4019.0;8
0;451000;Vinnie;Remy;STRAWBERRIES;SEASHELLS;4019.0;5
0;451200;Vinnie;Remy;STRAWBERRIES;SEASHELLS;4020.0;6
0;451300;Remy;Vinnie;CHOCOLATE;SEASHELLS;8053.0;8
0;451800;Remy;Vinnie;STRAWBERRIES;SEASHELLS;4021.0;10
0;451900;Remy;Vinnie;ROSES;SEASHELLS;14704.0;3
0;452000;Vinnie;Vladimir;STRAWBERRIES;SEASHELLS;4021.0;4
0;452000;Remy;Vinnie;ROSES;SEASHELLS;14711.0;5
0;452000;Remy;Vinnie;CHOCOLATE;SEASHELLS;8054.0;5
0;452100;Vinnie;Remy;ROSES;SEASHELLS;14710.0;3
0;452200;Remy;Vinnie;ROSES;SEASHELLS;14712.0;1
0;452300;Vladimir;Rhianna;GIFT_BASKET;SEASHELLS;71257.0;6
0;452600;Vinnie;Remy;CHOCOLATE;SEASHELLS;8054.0;5
0;452700;Vinnie;Rhianna;GIFT_BASKET;SEASHELLS;71269.0;1
0;452900;Vinnie;Remy;CHOCOLATE;SEASHELLS;8057.0;7
0;452900;Vinnie;Vladimir;STRAWBERRIES;SEASHELLS;4021.0;5
0;453100;Remy;Vinnie;ROSES;SEASHELLS;14706.0;4
0;453200;Vinnie;Vladimir;CHOCOLATE;SEASHELLS;8054.0;5
0;453800;Remy;Vinnie;STRAWBERRIES;SEASHELLS;4023.0;10
0;454000;Vinnie;Vladimir;STRAWBERRIES;SEASHELLS;4022.0;9
0;454200;Remy;Vinnie;STRAWBERRIES;SEASHELLS;4023.0;8
0;454300;Vinnie;Remy;CHOCOLATE;SEASHELLS;8049.0;7
0;454400;Rhianna;Vinnie;GIFT_BASKET;SEASHELLS;71271.0;1
0;454600;Vinnie;Remy;STRAWBERRIES;SEASHELLS;4021.0;5
0;454600;Vinnie;Vladimir;CHOCOLATE;SEASHELLS;8047.0;4
0;455700;Vinnie;Remy;ROSES;SEASHELLS;14694.0;5
0;456200;Remy;Vinnie;CHOCOLATE;SEASHELLS;8045.0;8
0;456700;Vinnie;Remy;CHOCOLATE;SEASHELLS;8048.0;8
0;456900;Vinnie;Remy;CHOCOLATE;SEASHELLS;8047.0;8
0;457000;Vinnie;Rhianna;GIFT_BASKET;SEASHELLS;71267.0;2
0;457000;Vladimir;Rhianna;GIFT_BASKET;SEASHELLS;71266.0;5
0;457300;Rhianna;Vinnie;GIFT_BASKET;SEASHELLS;71259.0;1
0;457500;Remy;Vinnie;ROSES;SEASHELLS;14699.0;1
0;458000;Vinnie;Remy;CHOCOLATE;SEASHELLS;8040.0;7
0;458100;Vinnie;Vladimir;STRAWBERRIES;SEASHELLS;4025.0;4
0;458300;Vinnie;Vladimir;ROSES;SEASHELLS;14695.0;9
0;458600;Vinnie;Remy;ROSES;SEASHELLS;14701.0;2
0;458800;Remy;Vinnie;STRAWBERRIES;SEASHELLS;4027.0;6
0;459200;Vinnie;Vladimir;STRAWBERRIES;SEASHELLS;4027.0;11
0;459400;Vinnie;Remy;ROSES;SEASHELLS;14691.0;2
0;459900;Vinnie;Remy;CHOCOLATE;SEASHELLS;8038.0;5
0;460000;Remy;Vinnie;CHOCOLATE;SEASHELLS;8039.0;6
0;460500;Vinnie;Vladimir;CHOCOLATE;SEASHELLS;8037.0;7
0;460500;Remy;Vinnie;ROSES;SEASHELLS;14670.0;1
0;460800;Vinnie;Remy;CHOCOLATE;SEASHELLS;8034.0;8
0;461100;Remy;Vinnie;STRAWBERRIES;SEASHELLS;4030.0;10
0;461100;Remy;Vinnie;ROSES;SEASHELLS;14677.0;5
0;461300;Remy;Vinnie;STRAWBERRIES;SEASHELLS;4030.0;5
0;461300;Vinnie;Vladimir;STRAWBERRIES;SEASHELLS;4029.0;6
0;461500;Vinnie;Remy;CHOCOLATE;SEASHELLS;8038.0;5
0;461800;Vinnie;Remy;CHOCOLATE;SEASHELLS;8035.0;8
0;462000;Vinnie;Vladimir;CHOCOLATE;SEASHELLS;8035.0;9
0;462100;Vinnie;Vladimir;STRAWBERRIES;SEASHELLS;4028.0;12
0;462500;Remy;Vinnie;CHOCOLATE;SEASHELLS;8037.0;5
0;462700;Remy;Vinnie;ROSES;SEASHELLS;14686.0;1
0;462900;Remy;Vinnie;ROSES;SEASHELLS;14684.0;1
0;463300;Vinnie;Vladimir;STRAWBERRIES;SEASHELLS;4026.0;11
0;464000;Vinnie;Remy;ROSES;SEASHELLS;14667.0;1
0;464000;Remy;Vinnie;CHOCOLATE;SEASHELLS;8032.0;5
0;464200;Remy;Vinnie;ROSES;SEASHELLS;14661.0;1
0;464200;Vinnie;Vladimir;CHOCOLATE;SEASHELLS;8033.0;4
0;464600;Remy;Vinnie;STRAWBERRIES;SEASHELLS;4026.0;10
0;464800;Vladimir;Rhianna;GIFT_BASKET;SEASHELLS;71194.0;4
0;464900;Vinnie;Remy;STRAWBERRIES;SEASHELLS;4023.0;4
0;465000;Remy;Vinnie;CHOCOLATE;SEASHELLS;8026.0;7
0;465200;Remy;Vinnie;CHOCOLATE;SEASHELLS;8026.0;5
0;465500;Vinnie;Remy;ROSES;SEASHELLS;14664.0;5
0;465600;Remy;Vinnie;ROSES;SEASHELLS;14665.0;5
0;465900;Vinnie;Ruby;GIFT_BASKET;SEASHELLS;71192.0;2
0;466100;Vinnie;Remy;CHOCOLATE;SEASHELLS;8028.0;7
0;466200;Vinnie;Remy;CHOCOLATE;SEASHELLS;8029.0;5
0;466200;Vinnie;Remy;ROSES;SEASHELLS;14680.0;3
0;466300;Vinnie;Vladimir;STRAWBERRIES;SEASHELLS;4025.0;10
0;468000;Remy;Vinnie;ROSES;SEASHELLS;14666.0;1
0;468100;Vinnie;Remy;ROSES;SEASHELLS;14668.0;3
0;468300;Vinnie;Remy;ROSES;SEASHELLS;14671.0;1
0;468400;Remy;Vinnie;CHOCOLATE;SEASHELLS;8031.0;8
0;468700;Vladimir;Ruby;GIFT_BASKET;SEASHELLS;71214.0;5
0;468800;Remy;Vinnie;STRAWBERRIES;SEASHELLS;4027.0;10
0;469200;Remy;Vinnie;ROSES;SEASHELLS;14677.0;5
0;469400;Remy;Vinnie;ROSES;SEASHELLS;14682.0;1
0;469500;Remy;Vinnie;STRAWBERRIES;SEASHELLS;4027.0;6
0;469900;Remy;Vinnie;ROSES;SEASHELLS;14686.0;1
0;470100;Vinnie;Remy;ROSES;SEASHELLS;14682.0;5
0;470300;Remy;Vinnie;STRAWBERRIES;SEASHELLS;4026.0;10
0;470400;Vinnie;Vladimir;STRAWBERRIES;SEASHELLS;4024.0;5
0;470500;Remy;Vinnie;STRAWBERRIES;SEASHELLS;4025.0;8
0;470900;Remy;Vinnie;STRAWBERRIES;SEASHELLS;4025.0;10
0;471000;Vinnie;Remy;CHOCOLATE;SEASHELLS;8028.0;7
0;471000;Rhianna;Vinnie;GIFT_BASKET;SEASHELLS;71194.0;1
0;471400;Vinnie;Remy;CHOCOLATE;SEASHELLS;8030.0;5
0;471700;Remy;Vinnie;ROSES;SEASHELLS;14661.0;3
0;472000;Remy;Vinnie;CHOCOLATE;SEASHELLS;8033.0;6
0;472000;Remy;Vinnie;STRAWBERRIES;SEASHELLS;4025.0;5
0;472200;Vinnie;Remy;STRAWBERRIES;SEASHELLS;4025.0;4
0;472700;Remy;Vinnie;CHOCOLATE;SEASHELLS;8031.0;8
0;472700;Remy;Vinnie;ROSES;SEASHELLS;14648.0;2
0;473900;Remy;Vinnie;STRAWBERRIES;SEASHELLS;4028.0;9
0;474300;Vinnie;Remy;CHOCOLATE;SEASHELLS;8029.0;5
0;474500;Remy;Vinnie;ROSES;SEASHELLS;14630.0;4
0;474500;Vinnie;Remy;CHOCOLATE;SEASHELLS;8030.0;7
0;475000;Remy;Vinnie;ROSES;SEASHELLS;14625.0;2
0;475500;Remy;Vinnie;ROSES;SEASHELLS;14624.0;4
0;475700;Remy;Vinnie;STRAWBERRIES;SEASHELLS;4030.0;9
0;475800;Remy;Vinnie;CHOCOLATE;SEASHELLS;8024.0;5
0;475900;Vinnie;Remy;CHOCOLATE;SEASHELLS;8023.0;7
0;476100;Remy;Vinnie;CHOCOLATE;SEASHELLS;8024.0;7
0;476100;Vinnie;Remy;ROSES;SEASHELLS;14626.0;2
0;476300;Rhianna;Vladimir;GIFT_BASKET;SEASHELLS;71264.0;7
0;476400;Vinnie;Vladimir;STRAWBERRIES;SEASHELLS;4028.0;8
0;476400;Vinnie;Remy;ROSES;SEASHELLS;14632.0;5
0;476500;Remy;Vinnie;CHOCOLATE;SEASHELLS;8026.0;8
0;476700;Vinnie;Remy;ROSES;SEASHELLS;14627.0;2
0;476800;Remy;Vinnie;CHOCOLATE;SEASHELLS;8026.0;6
0;477200;Vinnie;Remy;ROSES;SEASHELLS;14631.0;1
0;477600;Remy;Vinnie;CHOCOLATE;SEASHELLS;8027.0;5
0;477800;Vinnie;Remy;CHOCOLATE;SEASHELLS;8027.0;8
0;477900;Vinnie;Remy;CHOCOLATE;SEASHELLS;8026.0;6
0;479000;Vinnie;Vladimir;STRAWBERRIES;SEASHELLS;4033.0;10
0;479800;Ruby;Vinnie;GIFT_BASKET;SEASHELLS;71314.0;1
0;480500;Remy;Vinnie;CHOCOLATE;SEASHELLS;8019.0;6
0;480600;Remy;Vinnie;ROSES;SEASHELLS;14655.0;2
0;480700;Vinnie;Ruby;GIFT_BASKET;SEASHELLS;71331.0;2
0;481300;Remy;Vinnie;ROSES;SEASHELLS;14654.0;3
0;481300;Vinnie;Remy;CHOCOLATE;SEASHELLS;8020.0;6
0;481500;Vinnie;Vladimir;STRAWBERRIES;SEASHELLS;4037.0;8
0;481600;Vinnie;Vladimir;CHOCOLATE;SEASHELLS;8022.0;10
0;481600;Vinnie;Ruby;GIFT_BASKET;SEASHELLS;71350.0;1
0;481800;Remy;Vinnie;STRAWBERRIES;SEASHELLS;4039.0;6
0;481800;Vinnie;Vladimir;CHOCOLATE;SEASHELLS;8024.0;4
0;482400;Remy;Vinnie;ROSES;SEASHELLS;14647.0;2
0;482400;Vinnie;Remy;STRAWBERRIES;SEASHELLS;4039.0;9
0;482600;Ruby;Vladimir;GIFT_BASKET;SEASHELLS;71374.0;5
0;482800;Vinnie;Vladimir;CHOCOLATE;SEASHELLS;8026.0;8
0;483000;Vinnie;Vladimir;STRAWBERRIES;SEASHELLS;4039.0;5
0;483200;Vinnie;Remy;CHOCOLATE;SEASHELLS;8022.0;5
0;483500;Remy;Vinnie;CHOCOLATE;SEASHELLS;8021.0;7
0;484400;Vinnie;Ruby;GIFT_BASKET;SEASHELLS;71312.0;1
0;484400;Vinnie;Vladimir;CHOCOLATE;SEASHELLS;8019.0;6
0;484400;Vinnie;Remy;ROSES;SEASHELLS;14640.0;2
0;484600;Vinnie;Vladimir;STRAWBERRIES;SEASHELLS;4041.0;3
0;484600;Remy;Vinnie;STRAWBERRIES;SEASHELLS;4043.0;6
0;484700;Vinnie;Remy;ROSES;SEASHELLS;14641.0;1
0;484900;Remy;Vinnie;ROSES;SEASHELLS;14647.0;4
0;484900;Vinnie;Remy;STRAWBERRIES;SEASHELLS;4042.0;4
0;485100;Vinnie;Remy;ROSES;SEASHELLS;14649.0;2
0;485200;Vinnie;Remy;CHOCOLATE;SEASHELLS;8024.0;7
0;485300;Remy;Vinnie;ROSES;SEASHELLS;14655.0;1
0;485800;Vinnie;Vladimir;STRAWBERRIES;SEASHELLS;4043.0;5
0;485800;Remy;Vinnie;CHOCOLATE;SEASHELLS;8028.0;6
0;485800;Remy;Vinnie;STRAWBERRIES;SEASHELLS;4044.0;9
0;486000;Remy;Vinnie;STRAWBERRIES;SEASHELLS;4045.0;8
0;486500;Remy;Vinnie;STRAWBERRIES;SEASHELLS;4044.0;7
0;486800;Remy;Vinnie;STRAWBERRIES;SEASHELLS;4044.0;10
0;487000;Vinnie;Rhianna;GIFT_BASKET;SEASHELLS;71418.0;2
0;487000;Vladimir;Rhianna;GIFT_BASKET;SEASHELLS;71417.0;1
0;487400;Remy;Vinnie;STRAWBERRIES;SEASHELLS;4044.0;5
0;487800;Vinnie;Remy;ROSES;SEASHELLS;14671.0;2
0;487800;Vinnie;Remy;STRAWBERRIES;SEASHELLS;4043.0;7
0;488200;Vinnie;Remy;STRAWBERRIES;SEASHELLS;4045.0;10
0;488400;Vinnie;Remy;CHOCOLATE;SEASHELLS;8026.0;8
0;488500;Remy;Vinnie;STRAWBERRIES;SEASHELLS;4047.0;8
0;488900;Vinnie;Remy;STRAWBERRIES;SEASHELLS;4045.0;9
0;489300;Vladimir;Ruby;GIFT_BASKET;SEASHELLS;71488.0;10
0;489900;Remy;Vinnie;ROSES;SEASHELLS;14678.0;2
0;490100;Remy;Vinnie;STRAWBERRIES;SEASHELLS;4048.0;10
0;490100;Vinnie;Remy;ROSES;SEASHELLS;14677.0;2
0;490200;Remy;Vinnie;ROSES;SEASHELLS;14681.0;4
0;491200;Remy;Vinnie;ROSES;SEASHELLS;14687.0;1
0;491300;Remy;Vinnie;ROSES;SEASHELLS;14686.0;4
0;491500;Remy;Vinnie;ROSES;SEASHELLS;14688.0;1
0;492200;Vinnie;Vladimir;STRAWBERRIES;SEASHELLS;4049.0;7
0;492600;Vinnie;Remy;CHOCOLATE;SEASHELLS;8027.0;8
0;492600;Vladimir;Vinnie;GIFT_BASKET;SEASHELLS;71517.0;1
0;492900;Vinnie;Vladimir;STRAWBERRIES;SEASHELLS;4048.0;8
0;493100;Vinnie;Remy;ROSES;SEASHELLS;14687.0;4
0;493200;Vinnie;Vladimir;STRAWBERRIES;SEASHELLS;4048.0;3
0;493400;Vinnie;Remy;ROSES;SEASHELLS;14687.0;2
0;493800;Remy;Vinnie;STRAWBERRIES;SEASHELLS;4049.0;10
0;494100;Vinnie;Ruby;GIFT_BASKET;SEASHELLS;71495.0;2
0;494100;Remy;Vinnie;CHOCOLATE;SEASHELLS;8028.0;6
0;494600;Vinnie;Remy;CHOCOLATE;SEASHELLS;8022.0;7
0;495300;Vinnie;Vladimir;STRAWBERRIES;SEASHELLS;4046.0;8
0;496100;Remy;Vinnie;ROSES;SEASHELLS;14660.0;4
0;496100;Vinnie;Remy;CHOCOLATE;SEASHELLS;8021.0;7
0;496300;Vinnie;Vladimir;STRAWBERRIES;SEASHELLS;4047.0;5
0;496700;Vinnie;Vladimir;STRAWBERRIES;SEASHELLS;4046.0;10
0;496900;Vinnie;Vladimir;STRAWBERRIES;SEASHELLS;4046.0;4
0;497000;Vladimir;Ruby;GIFT_BASKET;SEASHELLS;71537.0;9
0;497100;Vinnie;Remy;CHOCOLATE;SEASHELLS;8016.0;7
0;497200;Vladimir;Rhianna;GIFT_BASKET;SEASHELLS;71541.0;2
0;497200;Vinnie;Remy;STRAWBERRIES;SEASHELLS;4046.0;6
0;497500;Rhianna;Vladimir;GIFT_BASKET;SEASHELLS;71562.0;5
0;497700;Remy;Vinnie;CHOCOLATE;SEASHELLS;8017.0;8
0;497800;Vinnie;Remy;ROSES;SEASHELLS;14671.0;5
0;497900;Remy;Vinnie;ROSES;SEASHELLS;14673.0;5
0;498000;Vinnie;Remy;ROSES;SEASHELLS;14673.0;5
0;498200;Vinnie;Remy;ROSES;SEASHELLS;14674.0;1
0;498200;Remy;Vinnie;CHOCOLATE;SEASHELLS;8016.0;5
0;498600;Vinnie;Remy;ROSES;SEASHELLS;14675.0;4
0;498600;Remy;Vinnie;STRAWBERRIES;SEASHELLS;4049.0;8
0;498900;Vinnie;Remy;ROSES;SEASHELLS;14674.0;4
0;499000;Vinnie;Remy;STRAWBERRIES;SEASHELLS;4048.0;9
0;499100;Remy;Vinnie;CHOCOLATE;SEASHELLS;8012.0;6
0;499800;Vinnie;Vladimir;ROSES;SEASHELLS;14674.0;3
0;499800;Vinnie;Vladimir;STRAWBERRIES;SEASHELLS;4048.0;3
0;500200;Vinnie;Vladimir;STRAWBERRIES;SEASHELLS;4048.0;4
0;500200;Remy;Vinnie;ROSES;SEASHELLS;14682.0;5
0;500300;Vinnie;Vladimir;CHOCOLATE;SEASHELLS;8010.0;5
0;500300;Ruby;Vinnie;GIFT_BASKET;SEASHELLS;71545.0;2
0;500700;Vinnie;Vladimir;ROSES;SEASHELLS;14679.0;9
0;501000;Vinnie;Remy;ROSES;SEASHELLS;14681.0;1
0;501000;Vinnie;Remy;CHOCOLATE;SEASHELLS;8011.0;5
0;501400;Vinnie;Remy;STRAWBERRIES;SEASHELLS;4049.0;5
