day;timestamp;buyer;seller;symbol;currency;price;quantity
-2;0;Vinnie;Ruby;AMETHYSTS;SEASHELLS;9996.0;1
-2;0;Remy;Valentina;STARFRUIT;SEASHELLS;5003.0;1
-2;0;Remy;Ruby;AMETHYSTS;SEASHELLS;9996.0;1
-2;100;Ruby;Valentina;STARFRUIT;SEASHELLS;5004.0;6
-2;900;Rhianna;Valentina;STARFRUIT;SEASHELLS;5001.0;2
-2;1000;Vinnie;Ruby;STARFRUIT;SEASHELLS;4997.0;2
-2;1100;Valentina;Remy;STARFRUIT;SEASHELLS;4997.0;1
-2;1500;Remy;Valentina;STARFRUIT;SEASHELLS;5003.0;1
-2;1500;Remy;Vinnie;AMETHYSTS;SEASHELLS;10004.0;1
-2;1800;Ruby;Valentina;STARFRUIT;SEASHELLS;5001.0;10
-2;1800;Ruby;Vladimir;STARFRUIT;SEASHELLS;5001.0;1
-2;1800;Remy;Vladimir;STARFRUIT;SEASHELLS;5002.0;1
-2;2000;Remy;Vladimir;STARFRUIT;SEASHELLS;5002.0;1
-2;2100;Rhianna;Valentina;STARFRUIT;SEASHELLS;5001.0;4
-2;2500;Valentina;Remy;AMETHYSTS;SEASHELLS;9998.0;1
-2;2500;Valentina;Ruby;STARFRUIT;SEASHELLS;4996.0;11
-2;3200;Vinnie;Remy;AMETHYSTS;SEASHELLS;9996.0;1
-2;3200;Valentina;Remy;STARFRUIT;SEASHELLS;4996.0;1
-2;3300;Vladimir;Remy;STARFRUIT;SEASHELLS;4997.0;2
-2;3300;Valentina;Remy;AMETHYSTS;SEASHELLS;9995.0;2
-2;3600;Ruby;Valentina;AMETHYSTS;SEASHELLS;10005.0;6
-2;3900;Remy;Vladimir;STARFRUIT;SEASHELLS;5002.0;1
-2;4000;Vladimir;Rhianna;AMETHYSTS;SEASHELLS;9998.0;1
-2;4200;Ruby;Vinnie;AMETHYSTS;SEASHELLS;10004.0;2
-2;4200;Ruby;Valentina;AMETHYSTS;SEASHELLS;10004.0;1
-2;4200;Vinnie;Remy;STARFRUIT;SEASHELLS;4998.0;1
-2;4400;Ruby;Vladimir;STARFRUIT;SEASHELLS;5002.0;2
-2;4500;Valentina;Ruby;STARFRUIT;SEASHELLS;4997.0;8
-2;4500;Vinnie;Ruby;STARFRUIT;SEASHELLS;4997.0;1
-2;5800;Valentina;Ruby;STARFRUIT;SEASHELLS;4999.0;7
-2;6500;Vinnie;Rhianna;STARFRUIT;SEASHELLS;5000.0;5
-2;6600;Valentina;Remy;STARFRUIT;SEASHELLS;4999.0;1
-2;6700;Vladimir;Remy;AMETHYSTS;SEASHELLS;9998.0;2
-2;6700;Valentina;Remy;STARFRUIT;SEASHELLS;4998.0;2
-2;6700;Valentina;Rhianna;STARFRUIT;SEASHELLS;4999.0;4
-2;7100;Valentina;Rhianna;STARFRUIT;SEASHELLS;4999.0;5
-2;7200;Ruby;Valentina;STARFRUIT;SEASHELLS;5005.0;4
-2;7300;Vinnie;Remy;STARFRUIT;SEASHELLS;4998.0;1
-2;7400;Remy;Valentina;STARFRUIT;SEASHELLS;5005.0;1
-2;7400;Remy;Vladimir;AMETHYSTS;SEASHELLS;10002.0;1
-2;7400;Remy;Valentina;STARFRUIT;SEASHELLS;5003.0;1
-2;7500;Remy;Valentina;AMETHYSTS;SEASHELLS;10002.0;1
-2;7800;Rhianna;Valentina;STARFRUIT;SEASHELLS;5002.0;1
-2;7800;Rhianna;Vladimir;STARFRUIT;SEASHELLS;5002.0;1
-2;8600;Remy;Valentina;STARFRUIT;SEASHELLS;5004.0;1
-2;8600;Remy;Vladimir;AMETHYSTS;SEASHELLS;10002.0;1
-2;8700;Adam;Valentina;STARFRUIT;SEASHELLS;5002.0;9
-2;8700;Remy;Valentina;STARFRUIT;SEASHELLS;5004.0;2
-2;8700;Remy;Vladimir;AMETHYSTS;SEASHELLS;10002.0;2
-2;8800;Remy;Valentina;STARFRUIT;SEASHELLS;5003.0;1
-2;8800;Remy;Valentina;AMETHYSTS;SEASHELLS;10002.0;1
-2;9600;Vinnie;Ruby;AMETHYSTS;SEASHELLS;10000.0;3
-2;10100;Vinnie;Remy;AMETHYSTS;SEASHELLS;9998.0;1
-2;10200;Vinnie;Remy;STARFRUIT;SEASHELLS;4996.0;1
-2;10200;Vinnie;Remy;AMETHYSTS;SEASHELLS;9996.0;1
-2;11100;Remy;Valentina;AMETHYSTS;SEASHELLS;10005.0;2
-2;11100;Amelia;Valentina;STARFRUIT;SEASHELLS;5005.0;12
-2;11100;Remy;Valentina;STARFRUIT;SEASHELLS;5005.0;2
-2;11300;Valentina;Remy;STARFRUIT;SEASHELLS;4998.0;1
-2;11400;Valentina;Remy;STARFRUIT;SEASHELLS;4997.0;1
-2;12000;Valentina;Rhianna;STARFRUIT;SEASHELLS;4999.0;2
-2;12000;Vladimir;Rhianna;STARFRUIT;SEASHELLS;4999.0;2
-2;13000;Rhianna;Valentina;STARFRUIT;SEASHELLS;5001.0;2
-2;13000;Valentina;Remy;AMETHYSTS;SEASHELLS;9998.0;1
-2;13500;Valentina;Remy;STARFRUIT;SEASHELLS;4998.0;1
-2;13600;Vinnie;Remy;AMETHYSTS;SEASHELLS;9998.0;1
-2;13900;Valentina;Remy;STARFRUIT;SEASHELLS;4998.0;2
-2;13900;Vinnie;Remy;AMETHYSTS;SEASHELLS;9996.0;1
-2;13900;Valentina;Remy;AMETHYSTS;SEASHELLS;9996.0;1
-2;14000;Ruby;Valentina;AMETHYSTS;SEASHELLS;10005.0;7
-2;14300;Valentina;Remy;STARFRUIT;SEASHELLS;4998.0;1
-2;15000;Vladimir;Remy;STARFRUIT;SEASHELLS;4998.0;1
-2;15100;Ruby;Valentina;AMETHYSTS;SEASHELLS;10005.0;4
-2;15400;Rhianna;Vladimir;AMETHYSTS;SEASHELLS;10002.0;5
-2;16400;Valentina;Vinnie;STARFRUIT;SEASHELLS;4998.0;6
-2;17000;Ruby;Valentina;STARFRUIT;SEASHELLS;5003.0;9
-2;17200;Valentina;Remy;STARFRUIT;SEASHELLS;4996.0;1
-2;17300;Remy;Vladimir;AMETHYSTS;SEASHELLS;10002.0;1
-2;17400;Amelia;Valentina;STARFRUIT;SEASHELLS;5003.0;10
-2;18000;Ruby;Valentina;STARFRUIT;SEASHELLS;5002.0;4
-2;18100;Valentina;Remy;STARFRUIT;SEASHELLS;4996.0;1
-2;18200;Vladimir;Remy;AMETHYSTS;SEASHELLS;9998.0;1
-2;18200;Vladimir;Ruby;STARFRUIT;SEASHELLS;4996.0;8
-2;18300;Remy;Valentina;AMETHYSTS;SEASHELLS;10005.0;2
-2;18300;Vladimir;Remy;AMETHYSTS;SEASHELLS;9998.0;1
-2;18300;Remy;Vladimir;STARFRUIT;SEASHELLS;5000.0;2
-2;18500;Ruby;Valentina;AMETHYSTS;SEASHELLS;10005.0;5
-2;18600;Valentina;Remy;STARFRUIT;SEASHELLS;4996.0;1
-2;19200;Valentina;Remy;STARFRUIT;SEASHELLS;4996.0;1
-2;19400;Vinnie;Remy;STARFRUIT;SEASHELLS;4996.0;1
-2;19500;Remy;Valentina;AMETHYSTS;SEASHELLS;10002.0;1
-2;19600;Rhianna;Valentina;AMETHYSTS;SEASHELLS;10002.0;1
-2;19900;Remy;Valentina;AMETHYSTS;SEASHELLS;10002.0;1
-2;20200;Rhianna;Valentina;AMETHYSTS;SEASHELLS;10002.0;1
-2;20300;Remy;Valentina;STARFRUIT;SEASHELLS;5002.0;1
-2;20600;Valentina;Remy;AMETHYSTS;SEASHELLS;9998.0;1
-2;20600;Valentina;Amelia;AMETHYSTS;SEASHELLS;9995.0;9
-2;20900;Remy;Valentina;STARFRUIT;SEASHELLS;5002.0;1
-2;20900;Remy;Remy;AMETHYSTS;SEASHELLS;9998.0;1
-2;21300;Remy;Vladimir;AMETHYSTS;SEASHELLS;10002.0;1
-2;21300;Remy;Valentina;STARFRUIT;SEASHELLS;5002.0;1
-2;21400;Remy;Vladimir;STARFRUIT;SEASHELLS;5001.0;1
-2;21800;Remy;Vladimir;STARFRUIT;SEASHELLS;5001.0;1
-2;22300;Valentina;Remy;STARFRUIT;SEASHELLS;4997.0;1
-2;22700;Amelia;Rhianna;AMETHYSTS;SEASHELLS;9998.0;1
-2;22900;Valentina;Rhianna;STARFRUIT;SEASHELLS;4998.0;2
-2;23000;Adam;Rhianna;AMETHYSTS;SEASHELLS;9998.0;4
-2;23100;Remy;Vladimir;STARFRUIT;SEASHELLS;5001.0;1
-2;23300;Vinnie;Rhianna;AMETHYSTS;SEASHELLS;9998.0;2
-2;23900;Valentina;Rhianna;AMETHYSTS;SEASHELLS;9998.0;3
-2;23900;Valentina;Ruby;AMETHYSTS;SEASHELLS;9995.0;8
-2;24000;Rhianna;Vladimir;STARFRUIT;SEASHELLS;5001.0;3
-2;24200;Valentina;Ruby;STARFRUIT;SEASHELLS;4996.0;5
-2;24300;Remy;Ruby;AMETHYSTS;SEASHELLS;10002.0;1
-2;24500;Remy;Valentina;STARFRUIT;SEASHELLS;5002.0;1
-2;24600;Valentina;Ruby;AMETHYSTS;SEASHELLS;9996.0;2
-2;24600;Vinnie;Ruby;AMETHYSTS;SEASHELLS;9996.0;2
-2;24700;Ruby;Vladimir;STARFRUIT;SEASHELLS;5001.0;6
-2;25100;Remy;Valentina;STARFRUIT;SEASHELLS;5001.0;1
-2;25100;Remy;Valentina;AMETHYSTS;SEASHELLS;10002.0;1
-2;25400;Valentina;Ruby;STARFRUIT;SEASHELLS;4995.0;7
-2;25600;Remy;Vladimir;STARFRUIT;SEASHELLS;4999.0;2
-2;25600;Remy;Vinnie;AMETHYSTS;SEASHELLS;10004.0;2
-2;25700;Adam;Valentina;AMETHYSTS;SEASHELLS;10002.0;3
-2;25700;Adam;Vladimir;AMETHYSTS;SEASHELLS;10002.0;8
-2;26300;Valentina;Remy;STARFRUIT;SEASHELLS;4994.0;1
-2;26400;Valentina;Remy;STARFRUIT;SEASHELLS;4994.0;1
-2;26400;Amelia;Valentina;AMETHYSTS;SEASHELLS;10005.0;9
-2;26700;Remy;Vladimir;STARFRUIT;SEASHELLS;4998.0;1
-2;27000;Remy;Valentina;AMETHYSTS;SEASHELLS;10002.0;1
-2;27000;Valentina;Rhianna;STARFRUIT;SEASHELLS;4993.0;4
-2;27200;Valentina;Remy;STARFRUIT;SEASHELLS;4991.0;1
-2;27300;Ruby;Valentina;STARFRUIT;SEASHELLS;4998.0;11
-2;27700;Vinnie;Rhianna;AMETHYSTS;SEASHELLS;9998.0;3
-2;27700;Valentina;Rhianna;AMETHYSTS;SEASHELLS;9998.0;1
-2;27900;Rhianna;Valentina;AMETHYSTS;SEASHELLS;10002.0;4
-2;28000;Remy;Valentina;STARFRUIT;SEASHELLS;4999.0;1
-2;28000;Remy;Valentina;AMETHYSTS;SEASHELLS;10005.0;1
-2;28300;Remy;Vladimir;STARFRUIT;SEASHELLS;4997.0;1
-2;28300;Valentina;Rhianna;AMETHYSTS;SEASHELLS;9998.0;2
-2;28300;Remy;Rhianna;AMETHYSTS;SEASHELLS;9998.0;1
-2;28600;Valentina;Remy;AMETHYSTS;SEASHELLS;9998.0;1
-2;29400;Remy;Valentina;AMETHYSTS;SEASHELLS;10005.0;2
-2;29400;Remy;Valentina;STARFRUIT;SEASHELLS;4998.0;2
-2;29500;Vladimir;Rhianna;AMETHYSTS;SEASHELLS;9998.0;3
-2;29500;Valentina;Rhianna;AMETHYSTS;SEASHELLS;9998.0;2
-2;29900;Remy;Vladimir;STARFRUIT;SEASHELLS;4995.0;1
-2;30300;Remy;Valentina;STARFRUIT;SEASHELLS;4996.0;1
-2;30400;Valentina;Remy;STARFRUIT;SEASHELLS;4991.0;1
-2;30400;Ruby;Vinnie;AMETHYSTS;SEASHELLS;10004.0;1
-2;30400;Ruby;Valentina;AMETHYSTS;SEASHELLS;10004.0;6
-2;30900;Valentina;Remy;STARFRUIT;SEASHELLS;4992.0;1
-2;31000;Vinnie;Remy;AMETHYSTS;SEASHELLS;9996.0;1
-2;31000;Valentina;Remy;STARFRUIT;SEASHELLS;4992.0;1
-2;31200;Valentina;Remy;STARFRUIT;SEASHELLS;4992.0;1
-2;31300;Remy;Valentina;STARFRUIT;SEASHELLS;4997.0;1
-2;31300;Valentina;Remy;AMETHYSTS;SEASHELLS;9998.0;1
-2;31400;Ruby;Valentina;STARFRUIT;SEASHELLS;4999.0;4
-2;31600;Rhianna;Valentina;AMETHYSTS;SEASHELLS;10002.0;3
-2;31800;Remy;Valentina;AMETHYSTS;SEASHELLS;10002.0;1
-2;32100;Valentina;Remy;STARFRUIT;SEASHELLS;4991.0;1
-2;32100;Rhianna;Vladimir;AMETHYSTS;SEASHELLS;10002.0;4
-2;32500;Remy;Valentina;AMETHYSTS;SEASHELLS;10002.0;1
-2;32700;Remy;Valentina;STARFRUIT;SEASHELLS;4996.0;1
-2;32800;Valentina;Remy;STARFRUIT;SEASHELLS;4990.0;2
-2;32800;Vinnie;Amelia;STARFRUIT;SEASHELLS;4991.0;2
-2;32800;Valentina;Remy;AMETHYSTS;SEASHELLS;9995.0;2
-2;32800;Vinnie;Ruby;AMETHYSTS;SEASHELLS;9996.0;2
-2;33200;Vladimir;Remy;STARFRUIT;SEASHELLS;4990.0;1
-2;33300;Remy;Adam;STARFRUIT;SEASHELLS;4995.0;1
-2;33300;Valentina;Adam;STARFRUIT;SEASHELLS;4991.0;8
-2;33500;Rhianna;Vladimir;AMETHYSTS;SEASHELLS;10002.0;3
-2;33900;Remy;Valentina;STARFRUIT;SEASHELLS;4995.0;1
-2;34000;Remy;Remy;STARFRUIT;SEASHELLS;4995.0;1
-2;34000;Vladimir;Remy;AMETHYSTS;SEASHELLS;9998.0;1
-2;34100;Rhianna;Valentina;AMETHYSTS;SEASHELLS;10002.0;1
-2;35000;Valentina;Rhianna;STARFRUIT;SEASHELLS;4993.0;4
-2;35300;Vladimir;Remy;STARFRUIT;SEASHELLS;4993.0;1
-2;35600;Remy;Valentina;AMETHYSTS;SEASHELLS;10002.0;1
-2;35800;Vladimir;Remy;STARFRUIT;SEASHELLS;4993.0;1
-2;36200;Valentina;Rhianna;STARFRUIT;SEASHELLS;4994.0;3
-2;36300;Remy;Valentina;STARFRUIT;SEASHELLS;4999.0;1
-2;36300;Remy;Valentina;AMETHYSTS;SEASHELLS;10005.0;1
-2;36500;Ruby;Valentina;AMETHYSTS;SEASHELLS;10005.0;4
-2;36800;Vinnie;Remy;STARFRUIT;SEASHELLS;4993.0;1
-2;37200;Amelia;Valentina;STARFRUIT;SEASHELLS;4998.0;10
-2;37400;Remy;Valentina;AMETHYSTS;SEASHELLS;10002.0;1
-2;37900;Valentina;Ruby;AMETHYSTS;SEASHELLS;9995.0;4
-2;38000;Valentina;Amelia;STARFRUIT;SEASHELLS;4991.0;11
-2;38400;Ruby;Vinnie;AMETHYSTS;SEASHELLS;10004.0;2
-2;38500;Adam;Valentina;AMETHYSTS;SEASHELLS;10002.0;6
-2;38500;Remy;Vladimir;STARFRUIT;SEASHELLS;4996.0;1
-2;38800;Vinnie;Rhianna;STARFRUIT;SEASHELLS;4993.0;5
-2;38900;Valentina;Remy;STARFRUIT;SEASHELLS;4991.0;2
-2;38900;Valentina;Remy;AMETHYSTS;SEASHELLS;9995.0;2
-2;39100;Ruby;Vladimir;AMETHYSTS;SEASHELLS;10002.0;5
-2;39300;Vinnie;Remy;STARFRUIT;SEASHELLS;4993.0;1
-2;39300;Vinnie;Remy;AMETHYSTS;SEASHELLS;9996.0;1
-2;39400;Vladimir;Remy;STARFRUIT;SEASHELLS;4993.0;1
-2;39500;Remy;Valentina;STARFRUIT;SEASHELLS;4998.0;1
-2;39800;Valentina;Rhianna;STARFRUIT;SEASHELLS;4993.0;4
-2;40100;Vinnie;Amelia;STARFRUIT;SEASHELLS;4992.0;1
-2;40200;Rhianna;Valentina;STARFRUIT;SEASHELLS;4997.0;5
-2;40300;Valentina;Rhianna;STARFRUIT;SEASHELLS;4994.0;2
-2;40600;Vladimir;Remy;STARFRUIT;SEASHELLS;4992.0;1
-2;40700;Rhianna;Valentina;STARFRUIT;SEASHELLS;4996.0;3
-2;40900;Valentina;Rhianna;STARFRUIT;SEASHELLS;4992.0;3
-2;41100;Adam;Remy;STARFRUIT;SEASHELLS;4991.0;1
-2;41100;Adam;Valentina;STARFRUIT;SEASHELLS;4995.0;9
-2;41500;Remy;Vinnie;AMETHYSTS;SEASHELLS;10002.0;1
-2;41500;Ruby;Vinnie;AMETHYSTS;SEASHELLS;10000.0;2
-2;41600;Valentina;Remy;AMETHYSTS;SEASHELLS;9995.0;1
-2;41600;Valentina;Remy;STARFRUIT;SEASHELLS;4990.0;1
-2;42900;Remy;Vladimir;AMETHYSTS;SEASHELLS;10002.0;1
-2;42900;Remy;Vladimir;STARFRUIT;SEASHELLS;4993.0;1
-2;43100;Remy;Vladimir;STARFRUIT;SEASHELLS;4994.0;2
-2;43100;Valentina;Amelia;STARFRUIT;SEASHELLS;4989.0;14
-2;43100;Remy;Valentina;AMETHYSTS;SEASHELLS;10005.0;2
-2;43400;Remy;Valentina;AMETHYSTS;SEASHELLS;10002.0;1
-2;43500;Valentina;Remy;STARFRUIT;SEASHELLS;4990.0;1
-2;43700;Vladimir;Remy;AMETHYSTS;SEASHELLS;9998.0;1
-2;43900;Valentina;Remy;STARFRUIT;SEASHELLS;4990.0;1
-2;43900;Remy;Valentina;STARFRUIT;SEASHELLS;4997.0;2
-2;43900;Remy;Vinnie;AMETHYSTS;SEASHELLS;10004.0;2
-2;44000;Valentina;Remy;AMETHYSTS;SEASHELLS;9998.0;1
-2;44700;Remy;Valentina;STARFRUIT;SEASHELLS;4995.0;1
-2;44800;Vinnie;Amelia;AMETHYSTS;SEASHELLS;9996.0;1
-2;45100;Valentina;Remy;STARFRUIT;SEASHELLS;4988.0;1
-2;45100;Vinnie;Remy;AMETHYSTS;SEASHELLS;9996.0;1
-2;45800;Vinnie;Amelia;AMETHYSTS;SEASHELLS;9996.0;1
-2;45800;Valentina;Amelia;AMETHYSTS;SEASHELLS;9996.0;10
-2;46200;Vinnie;Remy;AMETHYSTS;SEASHELLS;9998.0;1
-2;46300;Valentina;Remy;AMETHYSTS;SEASHELLS;9995.0;1
-2;46300;Vladimir;Remy;STARFRUIT;SEASHELLS;4987.0;1
-2;46800;Vinnie;Remy;AMETHYSTS;SEASHELLS;9996.0;1
-2;46800;Vinnie;Remy;STARFRUIT;SEASHELLS;4987.0;1
-2;46800;Valentina;Remy;STARFRUIT;SEASHELLS;4986.0;2
-2;47200;Remy;Valentina;STARFRUIT;SEASHELLS;4992.0;1
-2;47300;Vinnie;Ruby;STARFRUIT;SEASHELLS;4988.0;2
-2;47700;Vinnie;Remy;STARFRUIT;SEASHELLS;4988.0;1
-2;48300;Valentina;Remy;STARFRUIT;SEASHELLS;4988.0;1
-2;48300;Valentina;Remy;AMETHYSTS;SEASHELLS;9995.0;1
-2;48600;Remy;Vinnie;AMETHYSTS;SEASHELLS;10004.0;1
-2;48600;Valentina;Remy;STARFRUIT;SEASHELLS;4989.0;1
-2;48600;Remy;Vladimir;STARFRUIT;SEASHELLS;4994.0;1
-2;48900;Valentina;Remy;STARFRUIT;SEASHELLS;4988.0;1
-2;49300;Remy;Valentina;STARFRUIT;SEASHELLS;4994.0;1
-2;49300;Remy;Valentina;AMETHYSTS;SEASHELLS;10005.0;1
-2;49700;Vladimir;Remy;STARFRUIT;SEASHELLS;4988.0;2
-2;49700;Valentina;Remy;AMETHYSTS;SEASHELLS;9995.0;2
-2;49900;Valentina;Remy;STARFRUIT;SEASHELLS;4986.0;1
-2;50000;Vladimir;Ruby;STARFRUIT;SEASHELLS;4986.0;5
-2;50200;Vinnie;Remy;STARFRUIT;SEASHELLS;4986.0;1
-2;50200;Vinnie;Remy;AMETHYSTS;SEASHELLS;9996.0;1
-2;50300;Vinnie;Remy;STARFRUIT;SEASHELLS;4986.0;1
-2;50400;Vinnie;Remy;AMETHYSTS;SEASHELLS;9996.0;2
-2;50400;Vladimir;Remy;STARFRUIT;SEASHELLS;4986.0;2
-2;50900;Vinnie;Ruby;AMETHYSTS;SEASHELLS;9996.0;2
-2;51000;Valentina;Remy;AMETHYSTS;SEASHELLS;9998.0;1
-2;51000;Vladimir;Remy;STARFRUIT;SEASHELLS;4986.0;1
-2;51300;Remy;Valentina;STARFRUIT;SEASHELLS;4990.0;1
-2;51600;Remy;Vladimir;AMETHYSTS;SEASHELLS;10002.0;1
-2;51600;Remy;Vladimir;STARFRUIT;SEASHELLS;4990.0;1
-2;51900;Adam;Vladimir;AMETHYSTS;SEASHELLS;10002.0;2
-2;52000;Valentina;Rhianna;AMETHYSTS;SEASHELLS;9998.0;2
-2;52200;Valentina;Remy;STARFRUIT;SEASHELLS;4985.0;1
-2;52300;Vinnie;Remy;STARFRUIT;SEASHELLS;4985.0;1
-2;52700;Rhianna;Valentina;AMETHYSTS;SEASHELLS;10002.0;3
-2;53000;Vladimir;Remy;AMETHYSTS;SEASHELLS;9998.0;1
-2;53200;Remy;Valentina;AMETHYSTS;SEASHELLS;10002.0;1
-2;53300;Valentina;Rhianna;AMETHYSTS;SEASHELLS;9998.0;2
-2;53600;Vladimir;Remy;AMETHYSTS;SEASHELLS;9998.0;1
-2;53600;Valentina;Remy;STARFRUIT;SEASHELLS;4985.0;1
-2;53700;Remy;Valentina;STARFRUIT;SEASHELLS;4992.0;2
-2;53700;Remy;Vinnie;AMETHYSTS;SEASHELLS;10004.0;2
-2;53900;Remy;Vladimir;AMETHYSTS;SEASHELLS;10002.0;1
-2;54300;Valentina;Ruby;STARFRUIT;SEASHELLS;4986.0;11
-2;54300;Valentina;Remy;AMETHYSTS;SEASHELLS;9998.0;1
-2;54600;Vinnie;Ruby;AMETHYSTS;SEASHELLS;9996.0;1
-2;54600;Valentina;Ruby;AMETHYSTS;SEASHELLS;9996.0;5
-2;54600;Valentina;Remy;STARFRUIT;SEASHELLS;4986.0;1
-2;54700;Remy;Valentina;STARFRUIT;SEASHELLS;4990.0;1
-2;54900;Rhianna;Vladimir;AMETHYSTS;SEASHELLS;10002.0;3
-2;55200;Remy;Vladimir;STARFRUIT;SEASHELLS;4989.0;1
-2;56100;Amelia;Valentina;STARFRUIT;SEASHELLS;4990.0;14
-2;56100;Remy;Valentina;STARFRUIT;SEASHELLS;4990.0;1
-2;56100;Remy;Vinnie;AMETHYSTS;SEASHELLS;10004.0;1
-2;56300;Vinnie;Remy;STARFRUIT;SEASHELLS;4983.0;1
-2;56500;Vladimir;Remy;STARFRUIT;SEASHELLS;4982.0;1
-2;56500;Vladimir;Remy;AMETHYSTS;SEASHELLS;9998.0;1
-2;56700;Remy;Valentina;AMETHYSTS;SEASHELLS;10002.0;1
-2;57000;Remy;Vinnie;AMETHYSTS;SEASHELLS;10004.0;1
-2;57000;Remy;Vinnie;STARFRUIT;SEASHELLS;4989.0;1
-2;57100;Remy;Valentina;AMETHYSTS;SEASHELLS;10002.0;1
-2;57100;Valentina;Rhianna;STARFRUIT;SEASHELLS;4985.0;3
-2;57200;Valentina;Rhianna;STARFRUIT;SEASHELLS;4985.0;4
-2;57200;Remy;Valentina;AMETHYSTS;SEASHELLS;10002.0;1
-2;57300;Remy;Valentina;AMETHYSTS;SEASHELLS;10002.0;1
-2;57400;Remy;Valentina;STARFRUIT;SEASHELLS;4990.0;1
-2;57700;Rhianna;Remy;AMETHYSTS;SEASHELLS;10002.0;2
-2;57700;Valentina;Remy;STARFRUIT;SEASHELLS;4985.0;2
-2;57800;Valentina;Remy;STARFRUIT;SEASHELLS;4984.0;1
-2;58300;Remy;Vladimir;STARFRUIT;SEASHELLS;4988.0;1
-2;58400;Vinnie;Ruby;AMETHYSTS;SEASHELLS;9996.0;1
-2;58600;Valentina;Remy;AMETHYSTS;SEASHELLS;9998.0;1
-2;58800;Valentina;Ruby;STARFRUIT;SEASHELLS;4982.0;5
-2;58800;Vinnie;Remy;STARFRUIT;SEASHELLS;4983.0;1
-2;59000;Ruby;Valentina;STARFRUIT;SEASHELLS;4991.0;10
-2;59500;Ruby;Valentina;AMETHYSTS;SEASHELLS;10005.0;4
-2;59700;Adam;Vladimir;AMETHYSTS;SEASHELLS;10002.0;6
-2;59800;Valentina;Vinnie;STARFRUIT;SEASHELLS;4985.0;5
-2;59900;Valentina;Remy;STARFRUIT;SEASHELLS;4983.0;1
-2;60000;Remy;Valentina;STARFRUIT;SEASHELLS;4987.0;1
-2;60200;Vinnie;Remy;AMETHYSTS;SEASHELLS;9996.0;1
-2;60200;Valentina;Remy;AMETHYSTS;SEASHELLS;9996.0;1
-2;60200;Valentina;Remy;STARFRUIT;SEASHELLS;4983.0;1
-2;60200;Vinnie;Remy;STARFRUIT;SEASHELLS;4983.0;1
-2;60300;Valentina;Amelia;AMETHYSTS;SEASHELLS;9996.0;6
-2;60300;Vinnie;Amelia;AMETHYSTS;SEASHELLS;9996.0;2
-2;60400;Remy;Rhianna;AMETHYSTS;SEASHELLS;9998.0;1
-2;60500;Valentina;Rhianna;STARFRUIT;SEASHELLS;4985.0;3
-2;60500;Valentina;Remy;AMETHYSTS;SEASHELLS;9998.0;1
-2;60600;Valentina;Remy;STARFRUIT;SEASHELLS;4984.0;1
-2;61100;Remy;Valentina;STARFRUIT;SEASHELLS;4990.0;2
-2;61100;Remy;Valentina;AMETHYSTS;SEASHELLS;10002.0;1
-2;61100;Rhianna;Valentina;STARFRUIT;SEASHELLS;4987.0;5
-2;61100;Remy;Valentina;AMETHYSTS;SEASHELLS;10005.0;2
-2;61300;Remy;Vladimir;STARFRUIT;SEASHELLS;4987.0;1
-2;62300;Remy;Vinnie;AMETHYSTS;SEASHELLS;10004.0;1
-2;62300;Remy;Vladimir;STARFRUIT;SEASHELLS;4987.0;1
-2;62600;Valentina;Remy;STARFRUIT;SEASHELLS;4984.0;1
-2;62900;Ruby;Vladimir;STARFRUIT;SEASHELLS;4989.0;6
-2;62900;Ruby;Valentina;STARFRUIT;SEASHELLS;4989.0;1
-2;63000;Valentina;Vinnie;STARFRUIT;SEASHELLS;4986.0;6
-2;63000;Vinnie;Adam;STARFRUIT;SEASHELLS;4984.0;1
-2;63000;Valentina;Adam;STARFRUIT;SEASHELLS;4984.0;9
-2;63200;Vladimir;Remy;AMETHYSTS;SEASHELLS;9998.0;1
-2;63200;Vladimir;Remy;STARFRUIT;SEASHELLS;4984.0;1
-2;63300;Remy;Valentina;STARFRUIT;SEASHELLS;4991.0;2
-2;63300;Remy;Remy;AMETHYSTS;SEASHELLS;9998.0;1
-2;63500;Valentina;Adam;AMETHYSTS;SEASHELLS;9998.0;6
-2;63700;Vinnie;Ruby;AMETHYSTS;SEASHELLS;9996.0;1
-2;63800;Vinnie;Ruby;STARFRUIT;SEASHELLS;4983.0;1
-2;64200;Valentina;Remy;AMETHYSTS;SEASHELLS;9995.0;2
-2;64200;Valentina;Remy;STARFRUIT;SEASHELLS;4982.0;2
-2;64500;Remy;Valentina;STARFRUIT;SEASHELLS;4989.0;2
-2;64500;Remy;Valentina;AMETHYSTS;SEASHELLS;10005.0;2
-2;64500;Remy;Vladimir;AMETHYSTS;SEASHELLS;10002.0;1
-2;64600;Remy;Vladimir;STARFRUIT;SEASHELLS;4988.0;1
-2;64900;Ruby;Valentina;AMETHYSTS;SEASHELLS;10005.0;2
-2;65300;Vinnie;Remy;AMETHYSTS;SEASHELLS;9998.0;1
-2;65300;Vinnie;Ruby;AMETHYSTS;SEASHELLS;10000.0;2
-2;65400;Vladimir;Remy;STARFRUIT;SEASHELLS;4983.0;1
-2;65500;Valentina;Remy;AMETHYSTS;SEASHELLS;9998.0;1
-2;65600;Valentina;Remy;AMETHYSTS;SEASHELLS;9995.0;1
-2;65600;Vladimir;Remy;STARFRUIT;SEASHELLS;4983.0;1
-2;65800;Vinnie;Remy;AMETHYSTS;SEASHELLS;9996.0;1
-2;65800;Vladimir;Remy;STARFRUIT;SEASHELLS;4983.0;1
-2;65900;Valentina;Remy;AMETHYSTS;SEASHELLS;9998.0;1
-2;66000;Vladimir;Remy;AMETHYSTS;SEASHELLS;9998.0;1
-2;66200;Valentina;Adam;STARFRUIT;SEASHELLS;4983.0;8
-2;66700;Valentina;Rhianna;AMETHYSTS;SEASHELLS;9998.0;2
-2;67000;Vladimir;Remy;STARFRUIT;SEASHELLS;4984.0;1
-2;67200;Remy;Valentina;STARFRUIT;SEASHELLS;4989.0;1
-2;67400;Vinnie;Remy;AMETHYSTS;SEASHELLS;9996.0;1
-2;67400;Valentina;Remy;STARFRUIT;SEASHELLS;4983.0;2
-2;67700;Rhianna;Valentina;STARFRUIT;SEASHELLS;4988.0;4
-2;67900;Vladimir;Remy;STARFRUIT;SEASHELLS;4984.0;2
-2;67900;Vladimir;Remy;AMETHYSTS;SEASHELLS;9998.0;2
-2;68000;Valentina;Remy;STARFRUIT;SEASHELLS;4984.0;1
-2;68000;Rhianna;Valentina;AMETHYSTS;SEASHELLS;10002.0;5
-2;68000;Ruby;Valentina;AMETHYSTS;SEASHELLS;10005.0;3
-2;68100;Rhianna;Vladimir;AMETHYSTS;SEASHELLS;10002.0;1
-2;68200;Remy;Valentina;STARFRUIT;SEASHELLS;4989.0;1
-2;68500;Remy;Valentina;AMETHYSTS;SEASHELLS;10002.0;1
-2;68600;Remy;Rhianna;STARFRUIT;SEASHELLS;4985.0;1
-2;68900;Rhianna;Valentina;AMETHYSTS;SEASHELLS;10002.0;1
-2;68900;Remy;Valentina;STARFRUIT;SEASHELLS;4990.0;1
-2;69000;Valentina;Amelia;STARFRUIT;SEASHELLS;4984.0;9
-2;69300;Remy;Valentina;STARFRUIT;SEASHELLS;4992.0;2
-2;69300;Remy;Valentina;AMETHYSTS;SEASHELLS;10005.0;2
-2;69400;Remy;Valentina;STARFRUIT;SEASHELLS;4991.0;1
-2;69600;Vladimir;Amelia;STARFRUIT;SEASHELLS;4986.0;1
-2;69600;Valentina;Amelia;STARFRUIT;SEASHELLS;4986.0;8
-2;70400;Valentina;Remy;STARFRUIT;SEASHELLS;4985.0;0
-2;70400;Vinnie;Adam;STARFRUIT;SEASHELLS;4985.0;1
-2;70400;Valentina;Adam;STARFRUIT;SEASHELLS;4985.0;7
-2;70400;Vinnie;Remy;STARFRUIT;SEASHELLS;4985.0;1
-2;71400;Valentina;Remy;STARFRUIT;SEASHELLS;4984.0;1
-2;71600;Valentina;Amelia;AMETHYSTS;SEASHELLS;9995.0;10
-2;72100;Adam;Valentina;STARFRUIT;SEASHELLS;4988.0;9
-2;72600;Remy;Vladimir;STARFRUIT;SEASHELLS;4990.0;1
-2;73900;Valentina;Remy;STARFRUIT;SEASHELLS;4982.0;1
-2;74100;Remy;Valentina;AMETHYSTS;SEASHELLS;10002.0;1
-2;74400;Remy;Vinnie;STARFRUIT;SEASHELLS;4987.0;1
-2;74400;Remy;Vinnie;AMETHYSTS;SEASHELLS;10004.0;1
-2;74900;Remy;Valentina;AMETHYSTS;SEASHELLS;10002.0;1
-2;75000;Valentina;Amelia;STARFRUIT;SEASHELLS;4981.0;9
-2;75000;Valentina;Ruby;STARFRUIT;SEASHELLS;4981.0;10
-2;75200;Vinnie;Remy;AMETHYSTS;SEASHELLS;9996.0;1
-2;75200;Valentina;Remy;STARFRUIT;SEASHELLS;4982.0;1
-2;75500;Vinnie;Remy;STARFRUIT;SEASHELLS;4983.0;1
-2;76400;Remy;Vinnie;AMETHYSTS;SEASHELLS;10002.0;1
-2;76400;Valentina;Remy;STARFRUIT;SEASHELLS;4984.0;1
-2;76400;Amelia;Vinnie;STARFRUIT;SEASHELLS;4987.0;3
-2;77400;Valentina;Vinnie;STARFRUIT;SEASHELLS;4987.0;6
-2;77700;Vladimir;Rhianna;AMETHYSTS;SEASHELLS;9998.0;5
-2;77800;Valentina;Rhianna;STARFRUIT;SEASHELLS;4985.0;4
-2;77800;Remy;Rhianna;STARFRUIT;SEASHELLS;4985.0;1
-2;78000;Rhianna;Valentina;AMETHYSTS;SEASHELLS;10002.0;2
-2;78100;Remy;Valentina;STARFRUIT;SEASHELLS;4989.0;1
-2;78300;Valentina;Remy;AMETHYSTS;SEASHELLS;9995.0;2
-2;78300;Vladimir;Remy;STARFRUIT;SEASHELLS;4985.0;2
-2;78800;Vinnie;Remy;STARFRUIT;SEASHELLS;4984.0;1
-2;79000;Remy;Valentina;AMETHYSTS;SEASHELLS;10005.0;2
-2;79000;Remy;Vinnie;STARFRUIT;SEASHELLS;4989.0;1
-2;79000;Amelia;Vinnie;AMETHYSTS;SEASHELLS;10004.0;1
-2;79500;Remy;Valentina;AMETHYSTS;SEASHELLS;10002.0;1
-2;79800;Valentina;Rhianna;STARFRUIT;SEASHELLS;4983.0;4
-2;80100;Remy;Valentina;STARFRUIT;SEASHELLS;4986.0;1
-2;80300;Remy;Valentina;AMETHYSTS;SEASHELLS;10002.0;1
-2;80500;Valentina;Remy;STARFRUIT;SEASHELLS;4981.0;1
-2;80800;Remy;Vladimir;AMETHYSTS;SEASHELLS;10002.0;1
-2;81300;Valentina;Rhianna;AMETHYSTS;SEASHELLS;9998.0;1
-2;81300;Remy;Valentina;STARFRUIT;SEASHELLS;4986.0;1
-2;81700;Remy;Vladimir;AMETHYSTS;SEASHELLS;10002.0;1
-2;81800;Valentina;Remy;STARFRUIT;SEASHELLS;4981.0;1
-2;81800;Vladimir;Remy;AMETHYSTS;SEASHELLS;9998.0;1
-2;81900;Valentina;Vinnie;STARFRUIT;SEASHELLS;4984.0;4
-2;82100;Valentina;Remy;STARFRUIT;SEASHELLS;4981.0;1
-2;82300;Amelia;Vinnie;AMETHYSTS;SEASHELLS;10004.0;1
-2;82400;Valentina;Rhianna;STARFRUIT;SEASHELLS;4983.0;4
-2;82600;Valentina;Remy;STARFRUIT;SEASHELLS;4981.0;1
-2;83200;Valentina;Remy;AMETHYSTS;SEASHELLS;9996.0;1
-2;83200;Vinnie;Remy;AMETHYSTS;SEASHELLS;9996.0;1
-2;83200;Valentina;Remy;STARFRUIT;SEASHELLS;4982.0;2
-2;83300;Valentina;Amelia;STARFRUIT;SEASHELLS;4982.0;15
-2;83400;Rhianna;Valentina;STARFRUIT;SEASHELLS;4987.0;3
-2;83700;Ruby;Vinnie;AMETHYSTS;SEASHELLS;10004.0;1
-2;84000;Ruby;Vladimir;STARFRUIT;SEASHELLS;4987.0;4
-2;84200;Remy;Amelia;STARFRUIT;SEASHELLS;4987.0;1
-2;84600;Remy;Vinnie;STARFRUIT;SEASHELLS;4989.0;2
-2;84600;Remy;Vinnie;AMETHYSTS;SEASHELLS;10004.0;2
-2;84700;Remy;Valentina;STARFRUIT;SEASHELLS;4988.0;1
-2;84800;Ruby;Vinnie;STARFRUIT;SEASHELLS;4989.0;1
-2;85000;Valentina;Rhianna;AMETHYSTS;SEASHELLS;9998.0;5
-2;85700;Valentina;Remy;AMETHYSTS;SEASHELLS;9995.0;2
-2;85700;Ruby;Valentina;AMETHYSTS;SEASHELLS;10005.0;4
-2;85700;Valentina;Remy;STARFRUIT;SEASHELLS;4982.0;2
-2;85900;Vladimir;Ruby;AMETHYSTS;SEASHELLS;9998.0;2
-2;85900;Vladimir;Remy;STARFRUIT;SEASHELLS;4983.0;1
-2;86000;Remy;Vinnie;STARFRUIT;SEASHELLS;4989.0;1
-2;86000;Remy;Vladimir;AMETHYSTS;SEASHELLS;10002.0;1
-2;86000;Valentina;Remy;STARFRUIT;SEASHELLS;4983.0;1
-2;86300;Valentina;Remy;STARFRUIT;SEASHELLS;4983.0;1
-2;86300;Valentina;Remy;AMETHYSTS;SEASHELLS;9998.0;1
-2;86500;Remy;Valentina;AMETHYSTS;SEASHELLS;10002.0;1
-2;87200;Vladimir;Remy;STARFRUIT;SEASHELLS;4983.0;1
-2;87900;Rhianna;Valentina;AMETHYSTS;SEASHELLS;10002.0;4
-2;87900;Adam;Valentina;STARFRUIT;SEASHELLS;4987.0;10
-2;88300;Ruby;Vinnie;AMETHYSTS;SEASHELLS;10004.0;2
-2;88500;Rhianna;Valentina;AMETHYSTS;SEASHELLS;10002.0;5
-2;88500;Valentina;Ruby;STARFRUIT;SEASHELLS;4985.0;10
-2;88600;Valentina;Remy;AMETHYSTS;SEASHELLS;9998.0;1
-2;88600;Valentina;Rhianna;STARFRUIT;SEASHELLS;4986.0;4
-2;88800;Valentina;Vinnie;STARFRUIT;SEASHELLS;4987.0;4
-2;88800;Valentina;Rhianna;STARFRUIT;SEASHELLS;4986.0;5
-2;88900;Remy;Valentina;STARFRUIT;SEASHELLS;4989.0;1
-2;89100;Remy;Rhianna;STARFRUIT;SEASHELLS;4985.0;1
-2;89100;Valentina;Rhianna;STARFRUIT;SEASHELLS;4985.0;2
-2;89400;Remy;Vladimir;STARFRUIT;SEASHELLS;4990.0;1
-2;89400;Rhianna;Vladimir;STARFRUIT;SEASHELLS;4989.0;3
-2;90000;Vladimir;Remy;STARFRUIT;SEASHELLS;4984.0;1
-2;90100;Remy;Vinnie;AMETHYSTS;SEASHELLS;10004.0;1
-2;90100;Remy;Valentina;STARFRUIT;SEASHELLS;4990.0;1
-2;90200;Valentina;Ruby;STARFRUIT;SEASHELLS;4982.0;4
-2;90700;Ruby;Vladimir;AMETHYSTS;SEASHELLS;10002.0;6
-2;90800;Ruby;Vinnie;STARFRUIT;SEASHELLS;4987.0;3
-2;91000;Valentina;Remy;AMETHYSTS;SEASHELLS;9998.0;1
-2;91000;Vinnie;Remy;STARFRUIT;SEASHELLS;4985.0;1
-2;91400;Remy;Valentina;AMETHYSTS;SEASHELLS;10002.0;1
-2;91500;Rhianna;Remy;STARFRUIT;SEASHELLS;4990.0;1
-2;91900;Remy;Valentina;AMETHYSTS;SEASHELLS;10002.0;1
-2;91900;Vladimir;Remy;STARFRUIT;SEASHELLS;4986.0;1
-2;92300;Vladimir;Remy;STARFRUIT;SEASHELLS;4987.0;1
-2;92300;Vinnie;Remy;AMETHYSTS;SEASHELLS;9996.0;1
-2;92400;Rhianna;Vladimir;STARFRUIT;SEASHELLS;4991.0;2
-2;92500;Valentina;Remy;STARFRUIT;SEASHELLS;4986.0;1
-2;93000;Remy;Amelia;AMETHYSTS;SEASHELLS;10002.0;1
-2;93100;Valentina;Rhianna;AMETHYSTS;SEASHELLS;9998.0;1
-2;93100;Rhianna;Valentina;STARFRUIT;SEASHELLS;4990.0;2
-2;93100;Rhianna;Vladimir;STARFRUIT;SEASHELLS;4990.0;2
-2;93300;Vladimir;Remy;AMETHYSTS;SEASHELLS;9998.0;1
-2;93300;Vladimir;Remy;STARFRUIT;SEASHELLS;4986.0;1
-2;93500;Valentina;Remy;AMETHYSTS;SEASHELLS;9998.0;1
-2;93700;Remy;Vladimir;AMETHYSTS;SEASHELLS;10002.0;1
-2;93900;Valentina;Remy;AMETHYSTS;SEASHELLS;9998.0;1
-2;94300;Valentina;Remy;STARFRUIT;SEASHELLS;4985.0;1
-2;94700;Valentina;Amelia;AMETHYSTS;SEASHELLS;9996.0;9
-2;94700;Vinnie;Amelia;AMETHYSTS;SEASHELLS;9996.0;2
-2;94800;Rhianna;Vladimir;AMETHYSTS;SEASHELLS;10002.0;4
-2;95100;Valentina;Remy;STARFRUIT;SEASHELLS;4985.0;2
-2;95100;Vinnie;Remy;AMETHYSTS;SEASHELLS;9996.0;2
-2;95300;Remy;Valentina;AMETHYSTS;SEASHELLS;10002.0;1
-2;95300;Vladimir;Remy;STARFRUIT;SEASHELLS;4987.0;1
-2;95600;Remy;Valentina;STARFRUIT;SEASHELLS;4991.0;1
-2;95800;Valentina;Remy;STARFRUIT;SEASHELLS;4986.0;1
-2;95900;Ruby;Valentina;AMETHYSTS;SEASHELLS;10002.0;3
-2;95900;Remy;Vladimir;STARFRUIT;SEASHELLS;4991.0;1
-2;95900;Ruby;Vladimir;AMETHYSTS;SEASHELLS;10002.0;5
-2;96100;Valentina;Remy;STARFRUIT;SEASHELLS;4986.0;1
-2;96100;Valentina;Remy;AMETHYSTS;SEASHELLS;9995.0;1
-2;96200;Valentina;Remy;STARFRUIT;SEASHELLS;4986.0;1
-2;96400;Valentina;Ruby;STARFRUIT;SEASHELLS;4986.0;9
-2;96400;Rhianna;Valentina;AMETHYSTS;SEASHELLS;10002.0;3
-2;96500;Ruby;Valentina;STARFRUIT;SEASHELLS;4993.0;6
-2;96800;Remy;Valentina;STARFRUIT;SEASHELLS;4991.0;1
-2;96900;Ruby;Valentina;AMETHYSTS;SEASHELLS;10005.0;3
-2;97000;Valentina;Rhianna;STARFRUIT;SEASHELLS;4987.0;2
-2;97200;Amelia;Valentina;AMETHYSTS;SEASHELLS;10005.0;12
-2;97300;Remy;Valentina;STARFRUIT;SEASHELLS;4993.0;1
-2;97300;Remy;Vinnie;AMETHYSTS;SEASHELLS;10004.0;1
-2;97400;Vladimir;Remy;AMETHYSTS;SEASHELLS;9998.0;1
-2;97600;Valentina;Remy;AMETHYSTS;SEASHELLS;9998.0;1
-2;97900;Rhianna;Valentina;AMETHYSTS;SEASHELLS;10002.0;4
-2;98100;Remy;Valentina;STARFRUIT;SEASHELLS;4993.0;1
-2;98100;Remy;Valentina;AMETHYSTS;SEASHELLS;10002.0;1
-2;98200;Vinnie;Remy;STARFRUIT;SEASHELLS;4989.0;1
-2;98300;Valentina;Remy;AMETHYSTS;SEASHELLS;9998.0;1
-2;98300;Valentina;Rhianna;STARFRUIT;SEASHELLS;4989.0;4
-2;98400;Valentina;Remy;STARFRUIT;SEASHELLS;4988.0;1
-2;98500;Adam;Vladimir;STARFRUIT;SEASHELLS;4992.0;3
-2;98700;Ruby;Valentina;STARFRUIT;SEASHELLS;4994.0;6
-2;98800;Vinnie;Remy;STARFRUIT;SEASHELLS;4988.0;1
-2;98800;Ruby;Valentina;STARFRUIT;SEASHELLS;4994.0;5
-2;98800;Vinnie;Remy;AMETHYSTS;SEASHELLS;9996.0;1
-2;99000;Valentina;Remy;AMETHYSTS;SEASHELLS;9998.0;1
-2;99300;Valentina;Vinnie;STARFRUIT;SEASHELLS;4990.0;2
-2;99400;Amelia;Valentina;STARFRUIT;SEASHELLS;4995.0;8
-2;100000;Valentina;Ruby;STARFRUIT;SEASHELLS;4987.0;14
-2;100100;Amelia;Remy;AMETHYSTS;SEASHELLS;9998.0;1
-2;100100;Valentina;Remy;STARFRUIT;SEASHELLS;4987.0;1
-2;100500;Vladimir;Remy;AMETHYSTS;SEASHELLS;9998.0;1
-2;101400;Vinnie;Ruby;STARFRUIT;SEASHELLS;4987.0;2
-2;102200;Remy;Valentina;STARFRUIT;SEASHELLS;4991.0;2
-2;102200;Remy;Vinnie;AMETHYSTS;SEASHELLS;10004.0;2
-2;102300;Remy;Valentina;AMETHYSTS;SEASHELLS;10002.0;1
-2;102300;Rhianna;Vladimir;AMETHYSTS;SEASHELLS;10002.0;3
-2;102500;Remy;Valentina;STARFRUIT;SEASHELLS;4990.0;1
-2;102500;Remy;Valentina;AMETHYSTS;SEASHELLS;10002.0;1
-2;102900;Valentina;Remy;AMETHYSTS;SEASHELLS;9998.0;1
-2;103100;Valentina;Remy;STARFRUIT;SEASHELLS;4984.0;2
-2;103100;Valentina;Remy;AMETHYSTS;SEASHELLS;9995.0;2
-2;103300;Rhianna;Valentina;STARFRUIT;SEASHELLS;4988.0;2
-2;103600;Remy;Ruby;STARFRUIT;SEASHELLS;4990.0;1
-2;104000;Valentina;Remy;AMETHYSTS;SEASHELLS;9998.0;1
-2;104100;Valentina;Ruby;STARFRUIT;SEASHELLS;4983.0;7
-2;104200;Remy;Rhianna;AMETHYSTS;SEASHELLS;9998.0;1
-2;104200;Valentina;Rhianna;AMETHYSTS;SEASHELLS;9998.0;2
-2;104300;Valentina;Rhianna;AMETHYSTS;SEASHELLS;9998.0;2
-2;104400;Rhianna;Valentina;STARFRUIT;SEASHELLS;4989.0;3
-2;104400;Valentina;Remy;AMETHYSTS;SEASHELLS;9998.0;1
-2;104400;Rhianna;Remy;STARFRUIT;SEASHELLS;4989.0;2
-2;104400;Valentina;Remy;AMETHYSTS;SEASHELLS;9995.0;2
-2;104700;Remy;Vladimir;AMETHYSTS;SEASHELLS;10002.0;1
-2;104700;Valentina;Remy;STARFRUIT;SEASHELLS;4985.0;1
-2;104800;Vladimir;Remy;STARFRUIT;SEASHELLS;4985.0;1
-2;105100;Remy;Valentina;AMETHYSTS;SEASHELLS;10002.0;1
-2;105200;Valentina;Remy;STARFRUIT;SEASHELLS;4986.0;1
-2;105900;Ruby;Vladimir;AMETHYSTS;SEASHELLS;10002.0;5
-2;106100;Ruby;Valentina;STARFRUIT;SEASHELLS;4991.0;8
-2;106800;Remy;Valentina;STARFRUIT;SEASHELLS;4990.0;2
-2;106800;Remy;Valentina;AMETHYSTS;SEASHELLS;10005.0;2
-2;106900;Valentina;Adam;STARFRUIT;SEASHELLS;4984.0;10
-2;107200;Valentina;Ruby;AMETHYSTS;SEASHELLS;9995.0;4
-2;107500;Remy;Valentina;STARFRUIT;SEASHELLS;4990.0;2
-2;107500;Remy;Vladimir;AMETHYSTS;SEASHELLS;10002.0;2
-2;107700;Remy;Vinnie;AMETHYSTS;SEASHELLS;10004.0;2
-2;107700;Remy;Valentina;STARFRUIT;SEASHELLS;4990.0;2
-2;108000;Vladimir;Amelia;AMETHYSTS;SEASHELLS;9998.0;6
-2;108000;Valentina;Amelia;AMETHYSTS;SEASHELLS;9998.0;5
-2;108100;Vladimir;Adam;STARFRUIT;SEASHELLS;4983.0;4
-2;108300;Valentina;Remy;AMETHYSTS;SEASHELLS;9998.0;1
-2;108400;Remy;Valentina;STARFRUIT;SEASHELLS;4987.0;1
-2;108600;Remy;Valentina;AMETHYSTS;SEASHELLS;10002.0;1
-2;108600;Valentina;Rhianna;STARFRUIT;SEASHELLS;4984.0;2
-2;108700;Valentina;Amelia;AMETHYSTS;SEASHELLS;9995.0;10
-2;108800;Vinnie;Remy;STARFRUIT;SEASHELLS;4983.0;1
-2;108900;Remy;Vinnie;AMETHYSTS;SEASHELLS;10004.0;1
-2;108900;Remy;Valentina;STARFRUIT;SEASHELLS;4989.0;1
-2;109100;Rhianna;Vladimir;AMETHYSTS;SEASHELLS;10002.0;2
-2;109400;Remy;Valentina;STARFRUIT;SEASHELLS;4988.0;1
-2;109600;Amelia;Valentina;STARFRUIT;SEASHELLS;4990.0;12
-2;109900;Remy;Valentina;AMETHYSTS;SEASHELLS;10005.0;1
-2;109900;Remy;Vladimir;STARFRUIT;SEASHELLS;4988.0;1
-2;110300;Valentina;Ruby;STARFRUIT;SEASHELLS;4983.0;8
-2;111300;Rhianna;Remy;STARFRUIT;SEASHELLS;4986.0;1
-2;111300;Valentina;Remy;AMETHYSTS;SEASHELLS;9995.0;1
-2;111600;Vinnie;Ruby;AMETHYSTS;SEASHELLS;9996.0;2
-2;111600;Remy;Rhianna;STARFRUIT;SEASHELLS;4984.0;1
-2;112000;Remy;Vladimir;AMETHYSTS;SEASHELLS;10002.0;1
-2;112200;Remy;Vladimir;AMETHYSTS;SEASHELLS;10002.0;1
-2;112300;Vladimir;Remy;STARFRUIT;SEASHELLS;4981.0;1
-2;112400;Remy;Valentina;STARFRUIT;SEASHELLS;4986.0;1
-2;112500;Remy;Valentina;AMETHYSTS;SEASHELLS;10002.0;1
-2;112500;Valentina;Remy;STARFRUIT;SEASHELLS;4981.0;1
-2;113100;Remy;Valentina;STARFRUIT;SEASHELLS;4985.0;1
-2;113200;Valentina;Remy;STARFRUIT;SEASHELLS;4980.0;1
-2;113400;Remy;Vladimir;STARFRUIT;SEASHELLS;4984.0;2
-2;113400;Remy;Vinnie;AMETHYSTS;SEASHELLS;10004.0;1
-2;113700;Remy;Vladimir;STARFRUIT;SEASHELLS;4984.0;1
-2;113800;Vinnie;Remy;AMETHYSTS;SEASHELLS;9996.0;1
-2;113800;Valentina;Remy;STARFRUIT;SEASHELLS;4979.0;1
-2;113900;Vladimir;Remy;STARFRUIT;SEASHELLS;4979.0;1
-2;114300;Valentina;Remy;STARFRUIT;SEASHELLS;4979.0;1
-2;114700;Amelia;Valentina;AMETHYSTS;SEASHELLS;10005.0;12
-2;114700;Valentina;Ruby;AMETHYSTS;SEASHELLS;9995.0;4
-2;115000;Valentina;Remy;STARFRUIT;SEASHELLS;4980.0;1
-2;115200;Valentina;Remy;STARFRUIT;SEASHELLS;4980.0;1
-2;115300;Remy;Vladimir;STARFRUIT;SEASHELLS;4986.0;1
-2;115600;Valentina;Rhianna;STARFRUIT;SEASHELLS;4981.0;3
-2;115600;Vladimir;Remy;AMETHYSTS;SEASHELLS;9998.0;1
-2;115800;Valentina;Remy;AMETHYSTS;SEASHELLS;9998.0;1
-2;115800;Remy;Valentina;STARFRUIT;SEASHELLS;4984.0;1
-2;116600;Valentina;Vinnie;STARFRUIT;SEASHELLS;4981.0;3
-2;116700;Remy;Valentina;STARFRUIT;SEASHELLS;4983.0;1
-2;116900;Valentina;Vinnie;STARFRUIT;SEASHELLS;4981.0;5
-2;117700;Remy;Valentina;STARFRUIT;SEASHELLS;4984.0;1
-2;118000;Valentina;Remy;AMETHYSTS;SEASHELLS;9995.0;1
-2;118000;Vladimir;Remy;STARFRUIT;SEASHELLS;4977.0;1
-2;118300;Rhianna;Vladimir;STARFRUIT;SEASHELLS;4980.0;2
-2;118600;Valentina;Remy;STARFRUIT;SEASHELLS;4975.0;1
-2;119000;Remy;Vladimir;STARFRUIT;SEASHELLS;4980.0;1
-2;119300;Remy;Vladimir;AMETHYSTS;SEASHELLS;10002.0;1
-2;119300;Remy;Valentina;STARFRUIT;SEASHELLS;4981.0;1
-2;119500;Vinnie;Remy;STARFRUIT;SEASHELLS;4974.0;1
-2;119700;Vladimir;Remy;STARFRUIT;SEASHELLS;4974.0;1
-2;120200;Remy;Vladimir;AMETHYSTS;SEASHELLS;10002.0;1
-2;120200;Valentina;Remy;STARFRUIT;SEASHELLS;4973.0;1
-2;120500;Valentina;Rhianna;AMETHYSTS;SEASHELLS;9998.0;3
-2;120700;Vladimir;Remy;STARFRUIT;SEASHELLS;4973.0;1
-2;120800;Remy;Remy;STARFRUIT;SEASHELLS;4978.0;1
-2;120800;Vinnie;Remy;AMETHYSTS;SEASHELLS;10000.0;2
-2;120900;Valentina;Remy;AMETHYSTS;SEASHELLS;9998.0;1
-2;121300;Ruby;Valentina;STARFRUIT;SEASHELLS;4981.0;9
-2;121800;Adam;Rhianna;AMETHYSTS;SEASHELLS;9998.0;2
-2;122000;Valentina;Adam;STARFRUIT;SEASHELLS;4975.0;9
-2;122300;Ruby;Vinnie;AMETHYSTS;SEASHELLS;10004.0;2
-2;122300;Ruby;Valentina;AMETHYSTS;SEASHELLS;10004.0;3
-2;122700;Valentina;Remy;STARFRUIT;SEASHELLS;4973.0;1
-2;123000;Valentina;Remy;AMETHYSTS;SEASHELLS;9998.0;1
-2;123000;Vladimir;Remy;STARFRUIT;SEASHELLS;4973.0;1
-2;123100;Valentina;Remy;STARFRUIT;SEASHELLS;4973.0;1
-2;123200;Remy;Valentina;STARFRUIT;SEASHELLS;4978.0;1
-2;123300;Adam;Valentina;STARFRUIT;SEASHELLS;4978.0;9
-2;124000;Remy;Valentina;STARFRUIT;SEASHELLS;4977.0;1
-2;124400;Remy;Valentina;AMETHYSTS;SEASHELLS;10002.0;1
-2;124500;Valentina;Ruby;AMETHYSTS;SEASHELLS;9995.0;5
-2;124700;Valentina;Rhianna;AMETHYSTS;SEASHELLS;9998.0;1
-2;124900;Remy;Vladimir;AMETHYSTS;SEASHELLS;10002.0;2
-2;124900;Remy;Valentina;STARFRUIT;SEASHELLS;4976.0;2
-2;125100;Vinnie;Remy;STARFRUIT;SEASHELLS;4970.0;1
-2;125100;Valentina;Remy;AMETHYSTS;SEASHELLS;9998.0;1
-2;125200;Remy;Vladimir;STARFRUIT;SEASHELLS;4974.0;1
-2;125200;Remy;Vinnie;AMETHYSTS;SEASHELLS;10004.0;1
-2;125300;Remy;Valentina;AMETHYSTS;SEASHELLS;10005.0;2
-2;125300;Remy;Valentina;STARFRUIT;SEASHELLS;4976.0;2
-2;125400;Valentina;Remy;STARFRUIT;SEASHELLS;4969.0;2
-2;125400;Vinnie;Remy;AMETHYSTS;SEASHELLS;9996.0;2
-2;126400;Valentina;Ruby;AMETHYSTS;SEASHELLS;9996.0;3
-2;126400;Vinnie;Ruby;AMETHYSTS;SEASHELLS;9996.0;1
-2;126500;Vladimir;Ruby;AMETHYSTS;SEASHELLS;9998.0;4
-2;127000;Valentina;Amelia;AMETHYSTS;SEASHELLS;9995.0;12
-2;127200;Rhianna;Vladimir;AMETHYSTS;SEASHELLS;10002.0;2
-2;127300;Valentina;Ruby;STARFRUIT;SEASHELLS;4970.0;6
-2;127300;Valentina;Remy;STARFRUIT;SEASHELLS;4970.0;1
-2;127400;Remy;Valentina;AMETHYSTS;SEASHELLS;10002.0;1
-2;127600;Vinnie;Remy;STARFRUIT;SEASHELLS;4969.0;1
-2;127800;Ruby;Vinnie;AMETHYSTS;SEASHELLS;10004.0;2
-2;127900;Remy;Vladimir;AMETHYSTS;SEASHELLS;10002.0;1
-2;128900;Rhianna;Valentina;STARFRUIT;SEASHELLS;4974.0;3
-2;129200;Valentina;Remy;AMETHYSTS;SEASHELLS;9995.0;2
-2;129200;Valentina;Remy;STARFRUIT;SEASHELLS;4969.0;2
-2;129600;Remy;Vladimir;STARFRUIT;SEASHELLS;4975.0;1
-2;129700;Valentina;Remy;STARFRUIT;SEASHELLS;4970.0;1
-2;129700;Valentina;Remy;AMETHYSTS;SEASHELLS;9995.0;1
-2;129800;Vladimir;Remy;STARFRUIT;SEASHELLS;4970.0;1
-2;130100;Rhianna;Valentina;AMETHYSTS;SEASHELLS;10002.0;4
-2;130100;Rhianna;Remy;AMETHYSTS;SEASHELLS;10002.0;1
-2;130200;Valentina;Remy;STARFRUIT;SEASHELLS;4970.0;1
-2;130300;Ruby;Rhianna;AMETHYSTS;SEASHELLS;9998.0;3
-2;130300;Valentina;Remy;STARFRUIT;SEASHELLS;4970.0;1
-2;130400;Valentina;Remy;STARFRUIT;SEASHELLS;4969.0;1
-2;130500;Ruby;Valentina;STARFRUIT;SEASHELLS;4976.0;12
-2;130500;Valentina;Rhianna;AMETHYSTS;SEASHELLS;9998.0;3
-2;131200;Remy;Rhianna;AMETHYSTS;SEASHELLS;9998.0;1
-2;131400;Ruby;Rhianna;AMETHYSTS;SEASHELLS;9998.0;3
-2;131600;Vladimir;Rhianna;AMETHYSTS;SEASHELLS;9998.0;1
-2;132000;Remy;Valentina;STARFRUIT;SEASHELLS;4975.0;1
-2;132000;Remy;Vinnie;AMETHYSTS;SEASHELLS;10004.0;1
-2;132100;Vladimir;Rhianna;AMETHYSTS;SEASHELLS;9998.0;5
-2;132300;Vinnie;Remy;AMETHYSTS;SEASHELLS;10000.0;1
-2;132300;Vinnie;Remy;STARFRUIT;SEASHELLS;4971.0;1
-2;132700;Amelia;Valentina;AMETHYSTS;SEASHELLS;10004.0;9
-2;132700;Amelia;Vinnie;AMETHYSTS;SEASHELLS;10004.0;1
-2;132700;Valentina;Rhianna;STARFRUIT;SEASHELLS;4968.0;3
-2;133400;Remy;Valentina;STARFRUIT;SEASHELLS;4975.0;1
-2;133400;Remy;Vinnie;AMETHYSTS;SEASHELLS;10004.0;1
-2;133700;Remy;Valentina;STARFRUIT;SEASHELLS;4974.0;1
-2;133700;Remy;Vinnie;AMETHYSTS;SEASHELLS;10004.0;1
-2;134100;Adam;Vladimir;STARFRUIT;SEASHELLS;4973.0;1
-2;134100;Adam;Valentina;STARFRUIT;SEASHELLS;4973.0;9
-2;134200;Valentina;Rhianna;STARFRUIT;SEASHELLS;4969.0;2
-2;134700;Remy;Valentina;STARFRUIT;SEASHELLS;4974.0;1
-2;134700;Remy;Vinnie;AMETHYSTS;SEASHELLS;10004.0;1
-2;134800;Amelia;Vinnie;AMETHYSTS;SEASHELLS;10004.0;2
-2;134900;Remy;Vladimir;AMETHYSTS;SEASHELLS;10002.0;1
-2;135200;Valentina;Amelia;STARFRUIT;SEASHELLS;4967.0;15
-2;135600;Valentina;Remy;STARFRUIT;SEASHELLS;4967.0;1
-2;136500;Valentina;Remy;STARFRUIT;SEASHELLS;4968.0;1
-2;136500;Remy;Valentina;STARFRUIT;SEASHELLS;4975.0;2
-2;136500;Remy;Valentina;AMETHYSTS;SEASHELLS;10005.0;2
-2;136800;Valentina;Rhianna;AMETHYSTS;SEASHELLS;9998.0;2
-2;136900;Vladimir;Remy;STARFRUIT;SEASHELLS;4968.0;1
-2;137000;Ruby;Valentina;STARFRUIT;SEASHELLS;4974.0;9
-2;137700;Ruby;Vinnie;AMETHYSTS;SEASHELLS;10004.0;1
-2;139100;Valentina;Rhianna;AMETHYSTS;SEASHELLS;9998.0;5
-2;139400;Valentina;Ruby;AMETHYSTS;SEASHELLS;9996.0;2
-2;139400;Vinnie;Ruby;AMETHYSTS;SEASHELLS;9996.0;1
-2;140400;Remy;Vladimir;STARFRUIT;SEASHELLS;4971.0;1
-2;140700;Vladimir;Rhianna;AMETHYSTS;SEASHELLS;9998.0;2
-2;140800;Vladimir;Remy;STARFRUIT;SEASHELLS;4966.0;1
-2;140900;Valentina;Remy;STARFRUIT;SEASHELLS;4965.0;1
-2;141100;Valentina;Remy;AMETHYSTS;SEASHELLS;9998.0;1
-2;141200;Valentina;Ruby;STARFRUIT;SEASHELLS;4964.0;11
-2;141400;Remy;Valentina;STARFRUIT;SEASHELLS;4969.0;1
-2;141600;Remy;Vladimir;STARFRUIT;SEASHELLS;4969.0;1
-2;141700;Adam;Valentina;STARFRUIT;SEASHELLS;4968.0;10
-2;142000;Vinnie;Ruby;AMETHYSTS;SEASHELLS;9996.0;1
-2;142000;Valentina;Amelia;STARFRUIT;SEASHELLS;4964.0;11
-2;142400;Remy;Valentina;STARFRUIT;SEASHELLS;4970.0;1
-2;142400;Remy;Vinnie;AMETHYSTS;SEASHELLS;10004.0;1
-2;142800;Amelia;Valentina;STARFRUIT;SEASHELLS;4970.0;13
-2;142800;Remy;Valentina;STARFRUIT;SEASHELLS;4968.0;1
-2;142800;Rhianna;Valentina;STARFRUIT;SEASHELLS;4967.0;4
-2;143100;Valentina;Remy;STARFRUIT;SEASHELLS;4963.0;2
-2;143100;Valentina;Remy;AMETHYSTS;SEASHELLS;9995.0;2
-2;143200;Valentina;Remy;STARFRUIT;SEASHELLS;4963.0;1
-2;143200;Valentina;Remy;AMETHYSTS;SEASHELLS;9995.0;1
-2;143200;Valentina;Remy;AMETHYSTS;SEASHELLS;9998.0;1
-2;143800;Valentina;Remy;STARFRUIT;SEASHELLS;4964.0;1
-2;143800;Vladimir;Remy;AMETHYSTS;SEASHELLS;9998.0;1
-2;144100;Rhianna;Valentina;AMETHYSTS;SEASHELLS;10002.0;1
-2;144200;Remy;Valentina;STARFRUIT;SEASHELLS;4969.0;2
-2;144200;Remy;Vinnie;AMETHYSTS;SEASHELLS;10004.0;1
-2;144600;Vladimir;Rhianna;AMETHYSTS;SEASHELLS;9998.0;3
-2;144800;Remy;Vladimir;STARFRUIT;SEASHELLS;4968.0;1
-2;144900;Remy;Valentina;AMETHYSTS;SEASHELLS;10002.0;1
-2;145800;Valentina;Rhianna;AMETHYSTS;SEASHELLS;9998.0;3
-2;145800;Remy;Valentina;STARFRUIT;SEASHELLS;4967.0;1
-2;145900;Remy;Valentina;STARFRUIT;SEASHELLS;4969.0;1
-2;145900;Remy;Valentina;STARFRUIT;SEASHELLS;4968.0;1
-2;145900;Remy;Vinnie;AMETHYSTS;SEASHELLS;10004.0;1
-2;146000;Remy;Amelia;STARFRUIT;SEASHELLS;4967.0;1
-2;146200;Valentina;Ruby;STARFRUIT;SEASHELLS;4962.0;10
-2;146300;Remy;Valentina;AMETHYSTS;SEASHELLS;10005.0;2
-2;146300;Remy;Valentina;STARFRUIT;SEASHELLS;4970.0;2
-2;146700;Ruby;Valentina;AMETHYSTS;SEASHELLS;10005.0;5
-2;146900;Valentina;Rhianna;STARFRUIT;SEASHELLS;4964.0;3
-2;146900;Valentina;Remy;STARFRUIT;SEASHELLS;4963.0;1
-2;146900;Amelia;Valentina;AMETHYSTS;SEASHELLS;10004.0;8
-2;146900;Amelia;Vinnie;AMETHYSTS;SEASHELLS;10004.0;2
-2;147000;Ruby;Valentina;STARFRUIT;SEASHELLS;4969.0;8
-2;147100;Valentina;Rhianna;STARFRUIT;SEASHELLS;4964.0;4
-2;147300;Vinnie;Remy;STARFRUIT;SEASHELLS;4963.0;1
-2;147400;Valentina;Remy;STARFRUIT;SEASHELLS;4962.0;1
-2;147400;Valentina;Remy;AMETHYSTS;SEASHELLS;9995.0;1
-2;147800;Valentina;Remy;AMETHYSTS;SEASHELLS;9998.0;1
-2;147800;Remy;Valentina;STARFRUIT;SEASHELLS;4967.0;1
-2;148000;Vinnie;Remy;AMETHYSTS;SEASHELLS;10000.0;1
-2;148000;Vinnie;Remy;AMETHYSTS;SEASHELLS;9998.0;1
-2;148000;Vinnie;Remy;STARFRUIT;SEASHELLS;4964.0;1
-2;148100;Valentina;Rhianna;STARFRUIT;SEASHELLS;4963.0;3
-2;148200;Valentina;Remy;AMETHYSTS;SEASHELLS;9995.0;2
-2;148200;Remy;Remy;STARFRUIT;SEASHELLS;4967.0;1
-2;148300;Valentina;Adam;STARFRUIT;SEASHELLS;4962.0;10
-2;148500;Remy;Valentina;STARFRUIT;SEASHELLS;4966.0;1
-2;148700;Vladimir;Remy;STARFRUIT;SEASHELLS;4961.0;1
-2;148800;Valentina;Amelia;STARFRUIT;SEASHELLS;4961.0;9
-2;149400;Valentina;Vinnie;STARFRUIT;SEASHELLS;4963.0;3
-2;150000;Rhianna;Remy;STARFRUIT;SEASHELLS;4964.0;1
-2;150000;Rhianna;Vladimir;STARFRUIT;SEASHELLS;4964.0;1
-2;150100;Remy;Vladimir;STARFRUIT;SEASHELLS;4964.0;1
-2;150100;Remy;Vinnie;AMETHYSTS;SEASHELLS;10004.0;1
-2;150200;Remy;Vladimir;STARFRUIT;SEASHELLS;4965.0;1
-2;150300;Valentina;Remy;STARFRUIT;SEASHELLS;4959.0;1
-2;150300;Vinnie;Remy;AMETHYSTS;SEASHELLS;9996.0;1
-2;151400;Valentina;Remy;STARFRUIT;SEASHELLS;4960.0;1
-2;151400;Remy;Valentina;AMETHYSTS;SEASHELLS;10002.0;1
-2;151900;Valentina;Remy;STARFRUIT;SEASHELLS;4960.0;1
-2;152000;Adam;Vladimir;AMETHYSTS;SEASHELLS;10002.0;6
-2;152100;Remy;Vinnie;AMETHYSTS;SEASHELLS;10004.0;2
-2;152100;Remy;Valentina;STARFRUIT;SEASHELLS;4966.0;2
-2;152300;Valentina;Remy;STARFRUIT;SEASHELLS;4959.0;1
-2;152800;Rhianna;Valentina;STARFRUIT;SEASHELLS;4965.0;3
-2;153200;Valentina;Ruby;AMETHYSTS;SEASHELLS;9995.0;5
-2;153400;Valentina;Vinnie;STARFRUIT;SEASHELLS;4963.0;2
-2;153500;Remy;Vinnie;STARFRUIT;SEASHELLS;4967.0;1
-2;153500;Remy;Vladimir;AMETHYSTS;SEASHELLS;10002.0;1
-2;153600;Vladimir;Remy;STARFRUIT;SEASHELLS;4961.0;1
-2;153700;Valentina;Remy;AMETHYSTS;SEASHELLS;9998.0;1
-2;153900;Valentina;Remy;STARFRUIT;SEASHELLS;4961.0;1
-2;154000;Valentina;Adam;STARFRUIT;SEASHELLS;4963.0;10
-2;154100;Vladimir;Rhianna;AMETHYSTS;SEASHELLS;9998.0;2
-2;154400;Rhianna;Valentina;AMETHYSTS;SEASHELLS;10002.0;2
-2;154600;Remy;Ruby;AMETHYSTS;SEASHELLS;10002.0;1
-2;154700;Ruby;Vladimir;STARFRUIT;SEASHELLS;4967.0;7
-2;154700;Valentina;Remy;STARFRUIT;SEASHELLS;4962.0;1
-2;154800;Valentina;Remy;STARFRUIT;SEASHELLS;4962.0;1
-2;155200;Remy;Valentina;AMETHYSTS;SEASHELLS;10002.0;1
-2;155600;Remy;Vinnie;STARFRUIT;SEASHELLS;4969.0;1
-2;155600;Remy;Remy;AMETHYSTS;SEASHELLS;9998.0;1
-2;155700;Remy;Valentina;AMETHYSTS;SEASHELLS;10002.0;1
-2;156200;Valentina;Rhianna;STARFRUIT;SEASHELLS;4964.0;5
-2;156400;Ruby;Valentina;STARFRUIT;SEASHELLS;4969.0;7
-2;156500;Remy;Vladimir;AMETHYSTS;SEASHELLS;10002.0;1
-2;156700;Remy;Vinnie;AMETHYSTS;SEASHELLS;10004.0;2
-2;156700;Remy;Valentina;STARFRUIT;SEASHELLS;4969.0;2
-2;157000;Amelia;Vinnie;STARFRUIT;SEASHELLS;4969.0;2
-2;157000;Amelia;Valentina;STARFRUIT;SEASHELLS;4969.0;9
-2;157400;Remy;Remy;AMETHYSTS;SEASHELLS;10002.0;1
-2;157400;Vinnie;Remy;STARFRUIT;SEASHELLS;4964.0;1
-2;157700;Remy;Valentina;STARFRUIT;SEASHELLS;4972.0;1
-2;157700;Remy;Vinnie;AMETHYSTS;SEASHELLS;10004.0;1
-2;157900;Remy;Rhianna;STARFRUIT;SEASHELLS;4966.0;2
-2;157900;Remy;Valentina;AMETHYSTS;SEASHELLS;10005.0;2
-2;158000;Remy;Valentina;AMETHYSTS;SEASHELLS;10002.0;1
-2;158000;Valentina;Remy;STARFRUIT;SEASHELLS;4965.0;1
-2;158200;Vladimir;Ruby;AMETHYSTS;SEASHELLS;9998.0;8
-2;158300;Remy;Valentina;AMETHYSTS;SEASHELLS;10002.0;1
-2;158300;Vladimir;Remy;STARFRUIT;SEASHELLS;4965.0;1
-2;158500;Valentina;Remy;STARFRUIT;SEASHELLS;4965.0;1
-2;159200;Vladimir;Remy;AMETHYSTS;SEASHELLS;9998.0;2
-2;159200;Valentina;Remy;STARFRUIT;SEASHELLS;4964.0;2
-2;159400;Remy;Vladimir;AMETHYSTS;SEASHELLS;10002.0;1
-2;159400;Valentina;Amelia;STARFRUIT;SEASHELLS;4965.0;8
-2;159500;Valentina;Remy;STARFRUIT;SEASHELLS;4964.0;1
-2;159900;Vinnie;Remy;AMETHYSTS;SEASHELLS;9996.0;2
-2;159900;Valentina;Remy;STARFRUIT;SEASHELLS;4964.0;2
-2;160200;Vinnie;Remy;STARFRUIT;SEASHELLS;4964.0;1
-2;160300;Remy;Valentina;STARFRUIT;SEASHELLS;4969.0;1
-2;160400;Vladimir;Remy;STARFRUIT;SEASHELLS;4963.0;1
-2;160700;Vinnie;Remy;STARFRUIT;SEASHELLS;4963.0;1
-2;160800;Amelia;Valentina;STARFRUIT;SEASHELLS;4969.0;13
-2;161200;Valentina;Rhianna;STARFRUIT;SEASHELLS;4964.0;3
-2;161400;Amelia;Valentina;STARFRUIT;SEASHELLS;4969.0;13
-2;161800;Valentina;Remy;STARFRUIT;SEASHELLS;4962.0;1
-2;162000;Remy;Valentina;AMETHYSTS;SEASHELLS;10005.0;2
-2;162000;Remy;Valentina;STARFRUIT;SEASHELLS;4968.0;2
-2;162300;Rhianna;Remy;AMETHYSTS;SEASHELLS;10002.0;2
-2;162300;Valentina;Remy;STARFRUIT;SEASHELLS;4962.0;2
-2;162400;Valentina;Remy;STARFRUIT;SEASHELLS;4962.0;1
-2;162700;Vinnie;Remy;AMETHYSTS;SEASHELLS;9996.0;1
-2;162700;Vladimir;Remy;STARFRUIT;SEASHELLS;4962.0;1
-2;162800;Valentina;Remy;AMETHYSTS;SEASHELLS;9995.0;2
-2;162800;Valentina;Remy;STARFRUIT;SEASHELLS;4961.0;2
-2;163100;Remy;Vladimir;STARFRUIT;SEASHELLS;4967.0;1
-2;163300;Remy;Valentina;STARFRUIT;SEASHELLS;4969.0;1
-2;163600;Valentina;Vinnie;STARFRUIT;SEASHELLS;4966.0;2
-2;163700;Valentina;Ruby;STARFRUIT;SEASHELLS;4963.0;4
-2;163900;Rhianna;Valentina;AMETHYSTS;SEASHELLS;10002.0;4
-2;163900;Remy;Valentina;AMETHYSTS;SEASHELLS;10002.0;1
-2;164000;Vinnie;Amelia;AMETHYSTS;SEASHELLS;10000.0;3
-2;164600;Vladimir;Remy;AMETHYSTS;SEASHELLS;9998.0;1
-2;164800;Remy;Rhianna;AMETHYSTS;SEASHELLS;9998.0;1
-2;164900;Vladimir;Rhianna;STARFRUIT;SEASHELLS;4964.0;3
-2;165000;Rhianna;Valentina;AMETHYSTS;SEASHELLS;10002.0;2
-2;165300;Valentina;Ruby;AMETHYSTS;SEASHELLS;9996.0;3
-2;165300;Vinnie;Ruby;AMETHYSTS;SEASHELLS;9996.0;1
-2;165500;Remy;Vladimir;STARFRUIT;SEASHELLS;4968.0;1
-2;165700;Remy;Vladimir;STARFRUIT;SEASHELLS;4968.0;1
-2;166100;Rhianna;Vladimir;AMETHYSTS;SEASHELLS;10002.0;1
-2;166300;Remy;Valentina;AMETHYSTS;SEASHELLS;10002.0;1
-2;166400;Remy;Valentina;AMETHYSTS;SEASHELLS;10002.0;1
-2;166600;Valentina;Rhianna;STARFRUIT;SEASHELLS;4964.0;3
-2;166700;Remy;Remy;AMETHYSTS;SEASHELLS;10002.0;1
-2;166700;Valentina;Remy;STARFRUIT;SEASHELLS;4963.0;1
-2;167300;Remy;Valentina;STARFRUIT;SEASHELLS;4968.0;2
-2;167300;Remy;Valentina;AMETHYSTS;SEASHELLS;10005.0;2
-2;168100;Remy;Valentina;AMETHYSTS;SEASHELLS;10002.0;1
-2;168200;Valentina;Remy;AMETHYSTS;SEASHELLS;9995.0;1
-2;168200;Valentina;Remy;STARFRUIT;SEASHELLS;4960.0;1
-2;168900;Valentina;Rhianna;AMETHYSTS;SEASHELLS;9998.0;5
-2;169200;Vinnie;Remy;STARFRUIT;SEASHELLS;4959.0;1
-2;169300;Rhianna;Vinnie;AMETHYSTS;SEASHELLS;10002.0;1
-2;169300;Valentina;Vinnie;STARFRUIT;SEASHELLS;4962.0;3
-2;169500;Ruby;Valentina;STARFRUIT;SEASHELLS;4966.0;12
-2;169600;Remy;Valentina;STARFRUIT;SEASHELLS;4966.0;1
-2;170000;Remy;Vladimir;STARFRUIT;SEASHELLS;4965.0;2
-2;170000;Rhianna;Remy;STARFRUIT;SEASHELLS;4964.0;1
-2;170000;Remy;Vladimir;AMETHYSTS;SEASHELLS;10002.0;2
-2;170200;Remy;Valentina;STARFRUIT;SEASHELLS;4967.0;1
-2;170200;Remy;Vinnie;AMETHYSTS;SEASHELLS;10004.0;1
-2;170400;Amelia;Valentina;STARFRUIT;SEASHELLS;4967.0;12
-2;171400;Valentina;Remy;AMETHYSTS;SEASHELLS;9998.0;1
-2;171700;Remy;Vinnie;AMETHYSTS;SEASHELLS;10004.0;1
-2;171700;Remy;Vladimir;STARFRUIT;SEASHELLS;4964.0;1
-2;172000;Valentina;Amelia;STARFRUIT;SEASHELLS;4959.0;13
-2;172100;Remy;Adam;AMETHYSTS;SEASHELLS;10002.0;1
-2;172200;Remy;Valentina;AMETHYSTS;SEASHELLS;10002.0;1
-2;172300;Remy;Vladimir;AMETHYSTS;SEASHELLS;10002.0;1
-2;172600;Remy;Valentina;AMETHYSTS;SEASHELLS;10002.0;1
-2;172700;Ruby;Vinnie;AMETHYSTS;SEASHELLS;10004.0;2
-2;173100;Ruby;Valentina;AMETHYSTS;SEASHELLS;10005.0;4
-2;173600;Remy;Valentina;STARFRUIT;SEASHELLS;4965.0;1
-2;173700;Valentina;Remy;AMETHYSTS;SEASHELLS;9998.0;1
-2;174100;Valentina;Remy;AMETHYSTS;SEASHELLS;9998.0;1
-2;174100;Remy;Valentina;STARFRUIT;SEASHELLS;4963.0;1
-2;174400;Valentina;Vinnie;STARFRUIT;SEASHELLS;4960.0;3
-2;174700;Rhianna;Valentina;STARFRUIT;SEASHELLS;4961.0;2
-2;174900;Remy;Vladimir;AMETHYSTS;SEASHELLS;10002.0;1
-2;174900;Remy;Vladimir;STARFRUIT;SEASHELLS;4962.0;1
-2;175200;Remy;Vladimir;STARFRUIT;SEASHELLS;4963.0;1
-2;175200;Valentina;Remy;STARFRUIT;SEASHELLS;4958.0;2
-2;175200;Vinnie;Remy;AMETHYSTS;SEASHELLS;9996.0;2
-2;175200;Valentina;Remy;AMETHYSTS;SEASHELLS;9998.0;1
-2;175500;Remy;Vinnie;AMETHYSTS;SEASHELLS;10004.0;1
-2;175500;Remy;Valentina;STARFRUIT;SEASHELLS;4964.0;1
-2;175600;Remy;Valentina;STARFRUIT;SEASHELLS;4963.0;1
-2;176000;Vinnie;Remy;STARFRUIT;SEASHELLS;4958.0;1
-2;176100;Remy;Vladimir;AMETHYSTS;SEASHELLS;10002.0;1
-2;176500;Remy;Vinnie;AMETHYSTS;SEASHELLS;10004.0;1
-2;176500;Remy;Vinnie;STARFRUIT;SEASHELLS;4963.0;1
-2;176900;Valentina;Rhianna;STARFRUIT;SEASHELLS;4959.0;2
-2;176900;Amelia;Valentina;AMETHYSTS;SEASHELLS;10005.0;9
-2;177200;Vinnie;Adam;STARFRUIT;SEASHELLS;4958.0;1
-2;177200;Vladimir;Adam;STARFRUIT;SEASHELLS;4958.0;7
-2;177300;Valentina;Rhianna;STARFRUIT;SEASHELLS;4959.0;2
-2;177900;Vladimir;Amelia;AMETHYSTS;SEASHELLS;9998.0;3
-2;178200;Remy;Valentina;STARFRUIT;SEASHELLS;4962.0;1
-2;178500;Valentina;Ruby;STARFRUIT;SEASHELLS;4956.0;13
-2;178700;Valentina;Adam;STARFRUIT;SEASHELLS;4957.0;7
-2;178800;Valentina;Rhianna;STARFRUIT;SEASHELLS;4958.0;4
-2;179600;Remy;Valentina;AMETHYSTS;SEASHELLS;10002.0;1
-2;179600;Valentina;Adam;STARFRUIT;SEASHELLS;4959.0;7
-2;180000;Valentina;Remy;STARFRUIT;SEASHELLS;4957.0;1
-2;180500;Vinnie;Remy;STARFRUIT;SEASHELLS;4956.0;1
-2;180900;Remy;Rhianna;AMETHYSTS;SEASHELLS;9998.0;1
-2;180900;Vladimir;Rhianna;AMETHYSTS;SEASHELLS;9998.0;2
-2;181000;Remy;Vladimir;AMETHYSTS;SEASHELLS;10002.0;1
-2;181400;Valentina;Remy;STARFRUIT;SEASHELLS;4957.0;1
-2;181500;Vladimir;Ruby;STARFRUIT;SEASHELLS;4957.0;2
-2;181600;Vinnie;Ruby;AMETHYSTS;SEASHELLS;9996.0;1
-2;181800;Remy;Valentina;AMETHYSTS;SEASHELLS;10005.0;2
-2;181800;Remy;Vladimir;STARFRUIT;SEASHELLS;4961.0;2
-2;182300;Valentina;Rhianna;AMETHYSTS;SEASHELLS;9998.0;3
-2;182300;Vladimir;Rhianna;AMETHYSTS;SEASHELLS;9998.0;1
-2;182500;Remy;Valentina;AMETHYSTS;SEASHELLS;10002.0;1
-2;182700;Vinnie;Ruby;AMETHYSTS;SEASHELLS;9996.0;2
-2;182900;Remy;Valentina;AMETHYSTS;SEASHELLS;10002.0;1
-2;183100;Vladimir;Remy;STARFRUIT;SEASHELLS;4957.0;1
-2;183100;Rhianna;Valentina;AMETHYSTS;SEASHELLS;10002.0;1
-2;183400;Vinnie;Remy;STARFRUIT;SEASHELLS;4957.0;1
-2;183900;Remy;Valentina;AMETHYSTS;SEASHELLS;10002.0;1
-2;184200;Valentina;Remy;STARFRUIT;SEASHELLS;4955.0;1
-2;184400;Amelia;Valentina;STARFRUIT;SEASHELLS;4961.0;9
-2;184800;Vinnie;Ruby;AMETHYSTS;SEASHELLS;10000.0;2
-2;185000;Valentina;Remy;AMETHYSTS;SEASHELLS;9995.0;1
-2;185000;Valentina;Remy;STARFRUIT;SEASHELLS;4955.0;1
-2;185500;Vladimir;Amelia;STARFRUIT;SEASHELLS;4956.0;7
-2;185500;Valentina;Amelia;STARFRUIT;SEASHELLS;4956.0;7
-2;186000;Valentina;Remy;AMETHYSTS;SEASHELLS;9995.0;1
-2;186000;Valentina;Remy;STARFRUIT;SEASHELLS;4955.0;1
-2;186500;Vinnie;Remy;AMETHYSTS;SEASHELLS;9996.0;1
-2;186500;Valentina;Remy;STARFRUIT;SEASHELLS;4955.0;1
-2;186800;Valentina;Remy;STARFRUIT;SEASHELLS;4955.0;1
-2;186800;Valentina;Ruby;AMETHYSTS;SEASHELLS;9995.0;6
-2;186800;Valentina;Remy;AMETHYSTS;SEASHELLS;9995.0;1
-2;186900;Amelia;Valentina;AMETHYSTS;SEASHELLS;10004.0;9
-2;186900;Rhianna;Valentina;AMETHYSTS;SEASHELLS;10002.0;5
-2;186900;Amelia;Vinnie;AMETHYSTS;SEASHELLS;10004.0;2
-2;187300;Remy;Valentina;STARFRUIT;SEASHELLS;4959.0;1
-2;187300;Valentina;Rhianna;AMETHYSTS;SEASHELLS;9998.0;2
-2;187400;Ruby;Valentina;STARFRUIT;SEASHELLS;4961.0;13
-2;187500;Adam;Remy;STARFRUIT;SEASHELLS;4955.0;1
-2;187600;Amelia;Valentina;STARFRUIT;SEASHELLS;4961.0;15
-2;187700;Remy;Vladimir;STARFRUIT;SEASHELLS;4960.0;1
-2;188400;Valentina;Remy;STARFRUIT;SEASHELLS;4954.0;1
-2;188700;Remy;Valentina;STARFRUIT;SEASHELLS;4958.0;1
-2;188700;Remy;Valentina;AMETHYSTS;SEASHELLS;10002.0;1
-2;188900;Remy;Valentina;STARFRUIT;SEASHELLS;4958.0;1
-2;189000;Remy;Valentina;AMETHYSTS;SEASHELLS;10002.0;1
-2;189300;Vladimir;Remy;STARFRUIT;SEASHELLS;4954.0;1
-2;189500;Vinnie;Ruby;STARFRUIT;SEASHELLS;4954.0;2
-2;189700;Remy;Valentina;STARFRUIT;SEASHELLS;4961.0;1
-2;189700;Remy;Valentina;AMETHYSTS;SEASHELLS;10005.0;1
-2;189800;Amelia;Valentina;STARFRUIT;SEASHELLS;4961.0;11
-2;189900;Vladimir;Remy;AMETHYSTS;SEASHELLS;9998.0;1
-2;190400;Ruby;Valentina;AMETHYSTS;SEASHELLS;10002.0;1
-2;190400;Ruby;Vladimir;AMETHYSTS;SEASHELLS;10002.0;4
-2;191300;Ruby;Valentina;STARFRUIT;SEASHELLS;4960.0;7
-2;191500;Valentina;Remy;STARFRUIT;SEASHELLS;4953.0;2
-2;191500;Valentina;Remy;AMETHYSTS;SEASHELLS;9995.0;2
-2;191600;Valentina;Rhianna;AMETHYSTS;SEASHELLS;9998.0;3
-2;191600;Valentina;Remy;STARFRUIT;SEASHELLS;4954.0;1
-2;191900;Remy;Valentina;AMETHYSTS;SEASHELLS;10002.0;1
-2;193100;Vinnie;Remy;STARFRUIT;SEASHELLS;4954.0;1
-2;193400;Rhianna;Valentina;AMETHYSTS;SEASHELLS;10002.0;2
-2;193600;Amelia;Valentina;STARFRUIT;SEASHELLS;4958.0;10
-2;193600;Amelia;Remy;STARFRUIT;SEASHELLS;4958.0;2
-2;193600;Valentina;Remy;AMETHYSTS;SEASHELLS;9995.0;2
-2;193600;Amelia;Vladimir;STARFRUIT;SEASHELLS;4958.0;3
-2;194600;Remy;Vladimir;STARFRUIT;SEASHELLS;4956.0;2
-2;194600;Remy;Rhianna;AMETHYSTS;SEASHELLS;9998.0;2
-2;195300;Ruby;Valentina;STARFRUIT;SEASHELLS;4958.0;11
-2;195700;Remy;Valentina;AMETHYSTS;SEASHELLS;10002.0;1
-2;196100;Valentina;Remy;STARFRUIT;SEASHELLS;4951.0;1
-2;196400;Valentina;Remy;STARFRUIT;SEASHELLS;4952.0;1
-2;196600;Vladimir;Remy;AMETHYSTS;SEASHELLS;9998.0;1
-2;196600;Remy;Valentina;STARFRUIT;SEASHELLS;4956.0;1
-2;196700;Vladimir;Remy;AMETHYSTS;SEASHELLS;9998.0;2
-2;196700;Vladimir;Remy;STARFRUIT;SEASHELLS;4952.0;2
-2;196800;Valentina;Rhianna;AMETHYSTS;SEASHELLS;9998.0;4
-2;196800;Valentina;Rhianna;STARFRUIT;SEASHELLS;4952.0;5
-2;197100;Valentina;Rhianna;AMETHYSTS;SEASHELLS;9998.0;4
-2;197200;Remy;Valentina;AMETHYSTS;SEASHELLS;10002.0;1
-2;197300;Remy;Vladimir;STARFRUIT;SEASHELLS;4954.0;1
-2;197300;Remy;Vinnie;AMETHYSTS;SEASHELLS;10004.0;2
-2;197300;Remy;Valentina;STARFRUIT;SEASHELLS;4954.0;1
-2;197400;Valentina;Rhianna;AMETHYSTS;SEASHELLS;9998.0;4
-2;197600;Valentina;Remy;AMETHYSTS;SEASHELLS;9998.0;1
-2;197900;Valentina;Rhianna;AMETHYSTS;SEASHELLS;9998.0;5
-2;198000;Remy;Vladimir;STARFRUIT;SEASHELLS;4954.0;1
-2;198000;Remy;Vinnie;AMETHYSTS;SEASHELLS;10004.0;1
-2;198100;Remy;Valentina;STARFRUIT;SEASHELLS;4954.0;1
-2;198400;Valentina;Remy;STARFRUIT;SEASHELLS;4949.0;1
-2;198400;Valentina;Vinnie;STARFRUIT;SEASHELLS;4952.0;2
-2;198500;Valentina;Ruby;STARFRUIT;SEASHELLS;4949.0;11
-2;198700;Valentina;Rhianna;AMETHYSTS;SEASHELLS;9998.0;5
-2;198900;Remy;Valentina;STARFRUIT;SEASHELLS;4954.0;1
-2;199000;Rhianna;Valentina;STARFRUIT;SEASHELLS;4955.0;14
-2;199000;Vinnie;Remy;AMETHYSTS;SEASHELLS;9996.0;1
-2;199000;Vladimir;Remy;STARFRUIT;SEASHELLS;4949.0;1
-2;199000;Rhianna;Vinnie;STARFRUIT;SEASHELLS;4954.0;1
-2;199400;Remy;Vladimir;AMETHYSTS;SEASHELLS;10002.0;2
-2;199400;Remy;Valentina;STARFRUIT;SEASHELLS;4955.0;1
-2;199400;Remy;Vinnie;STARFRUIT;SEASHELLS;4955.0;1
-2;199500;Rhianna;Vladimir;STARFRUIT;SEASHELLS;4954.0;5
-2;199900;Valentina;Remy;STARFRUIT;SEASHELLS;4950.0;1
-2;200100;Vinnie;Ruby;AMETHYSTS;SEASHELLS;9996.0;1
-2;200200;Rhianna;Vladimir;STARFRUIT;SEASHELLS;4956.0;3
-2;200300;Vinnie;Remy;AMETHYSTS;SEASHELLS;9996.0;1
-2;200300;Vinnie;Remy;STARFRUIT;SEASHELLS;4952.0;1
-2;200300;Valentina;Remy;STARFRUIT;SEASHELLS;4952.0;1
-2;200300;Valentina;Remy;AMETHYSTS;SEASHELLS;9996.0;1
-2;200400;Ruby;Valentina;AMETHYSTS;SEASHELLS;10004.0;7
-2;200400;Ruby;Vinnie;AMETHYSTS;SEASHELLS;10004.0;1
-2;200500;Remy;Vinnie;AMETHYSTS;SEASHELLS;10004.0;2
-2;200500;Remy;Valentina;STARFRUIT;SEASHELLS;4958.0;2
-2;200600;Ruby;Remy;AMETHYSTS;SEASHELLS;10002.0;2
-2;200600;Ruby;Vladimir;AMETHYSTS;SEASHELLS;10002.0;1
-2;200600;Valentina;Remy;STARFRUIT;SEASHELLS;4952.0;2
-2;201700;Valentina;Rhianna;AMETHYSTS;SEASHELLS;9998.0;1
-2;201700;Vinnie;Ruby;AMETHYSTS;SEASHELLS;9996.0;2
-2;201700;Valentina;Ruby;AMETHYSTS;SEASHELLS;9996.0;1
-2;201900;Valentina;Remy;AMETHYSTS;SEASHELLS;9998.0;1
-2;202300;Amelia;Valentina;STARFRUIT;SEASHELLS;4961.0;8
-2;202400;Vladimir;Remy;STARFRUIT;SEASHELLS;4955.0;1
-2;202800;Valentina;Remy;AMETHYSTS;SEASHELLS;9998.0;1
-2;202900;Vinnie;Remy;AMETHYSTS;SEASHELLS;9996.0;1
-2;202900;Valentina;Remy;STARFRUIT;SEASHELLS;4955.0;2
-2;203600;Valentina;Rhianna;STARFRUIT;SEASHELLS;4957.0;2
-2;203800;Valentina;Remy;AMETHYSTS;SEASHELLS;9998.0;1
-2;203900;Remy;Rhianna;AMETHYSTS;SEASHELLS;9998.0;2
-2;203900;Remy;Valentina;STARFRUIT;SEASHELLS;4962.0;2
-2;204200;Remy;Vladimir;AMETHYSTS;SEASHELLS;10002.0;1
-2;204200;Adam;Valentina;STARFRUIT;SEASHELLS;4961.0;4
-2;204200;Adam;Rhianna;STARFRUIT;SEASHELLS;4958.0;4
-2;204200;Amelia;Valentina;STARFRUIT;SEASHELLS;4963.0;11
-2;204400;Remy;Vladimir;AMETHYSTS;SEASHELLS;10002.0;1
-2;204600;Vinnie;Amelia;AMETHYSTS;SEASHELLS;10000.0;3
-2;204800;Adam;Remy;AMETHYSTS;SEASHELLS;9998.0;1
-2;204800;Adam;Rhianna;AMETHYSTS;SEASHELLS;9998.0;4
-2;204800;Adam;Vladimir;AMETHYSTS;SEASHELLS;10002.0;6
-2;204900;Remy;Valentina;STARFRUIT;SEASHELLS;4961.0;1
-2;205200;Vinnie;Remy;STARFRUIT;SEASHELLS;4957.0;2
-2;205200;Vinnie;Remy;AMETHYSTS;SEASHELLS;9996.0;2
-2;205300;Remy;Valentina;STARFRUIT;SEASHELLS;4963.0;1
-2;205300;Remy;Vinnie;AMETHYSTS;SEASHELLS;10004.0;1
-2;205600;Valentina;Ruby;AMETHYSTS;SEASHELLS;9995.0;8
-2;205900;Vladimir;Rhianna;AMETHYSTS;SEASHELLS;9998.0;1
-2;206200;Valentina;Remy;AMETHYSTS;SEASHELLS;9998.0;1
-2;206400;Valentina;Remy;AMETHYSTS;SEASHELLS;9995.0;1
-2;206400;Valentina;Remy;STARFRUIT;SEASHELLS;4957.0;1
-2;206600;Vinnie;Ruby;STARFRUIT;SEASHELLS;4957.0;1
-2;206600;Vladimir;Ruby;STARFRUIT;SEASHELLS;4957.0;3
-2;207100;Remy;Valentina;STARFRUIT;SEASHELLS;4964.0;2
-2;207100;Remy;Valentina;AMETHYSTS;SEASHELLS;10005.0;2
-2;207200;Valentina;Remy;STARFRUIT;SEASHELLS;4956.0;1
-2;207300;Valentina;Remy;STARFRUIT;SEASHELLS;4956.0;1
-2;207700;Remy;Valentina;STARFRUIT;SEASHELLS;4963.0;1
-2;207800;Amelia;Rhianna;AMETHYSTS;SEASHELLS;9998.0;4
-2;208000;Vladimir;Remy;STARFRUIT;SEASHELLS;4958.0;1
-2;208100;Ruby;Valentina;STARFRUIT;SEASHELLS;4965.0;14
-2;208200;Remy;Valentina;STARFRUIT;SEASHELLS;4963.0;1
-2;208400;Valentina;Remy;STARFRUIT;SEASHELLS;4957.0;1
-2;208500;Valentina;Remy;AMETHYSTS;SEASHELLS;9998.0;1
-2;209000;Valentina;Rhianna;AMETHYSTS;SEASHELLS;9998.0;4
-2;209300;Valentina;Remy;AMETHYSTS;SEASHELLS;9995.0;1
-2;209300;Valentina;Remy;STARFRUIT;SEASHELLS;4958.0;1
-2;209600;Valentina;Remy;STARFRUIT;SEASHELLS;4959.0;1
-2;209700;Valentina;Rhianna;STARFRUIT;SEASHELLS;4960.0;5
-2;209900;Vinnie;Remy;AMETHYSTS;SEASHELLS;9996.0;2
-2;209900;Vinnie;Remy;STARFRUIT;SEASHELLS;4959.0;2
-2;210000;Valentina;Vinnie;STARFRUIT;SEASHELLS;4961.0;3
-2;210000;Valentina;Ruby;AMETHYSTS;SEASHELLS;9995.0;4
-2;210000;Valentina;Remy;AMETHYSTS;SEASHELLS;9998.0;1
-2;210200;Amelia;Valentina;STARFRUIT;SEASHELLS;4964.0;11
-2;210400;Remy;Adam;AMETHYSTS;SEASHELLS;10002.0;1
-2;211300;Remy;Valentina;STARFRUIT;SEASHELLS;4963.0;1
-2;212500;Remy;Valentina;STARFRUIT;SEASHELLS;4964.0;1
-2;212700;Vinnie;Ruby;AMETHYSTS;SEASHELLS;9996.0;2
-2;212700;Vladimir;Remy;STARFRUIT;SEASHELLS;4959.0;1
-2;212800;Rhianna;Valentina;AMETHYSTS;SEASHELLS;10002.0;3
-2;212900;Valentina;Rhianna;AMETHYSTS;SEASHELLS;9998.0;5
-2;213100;Vladimir;Rhianna;AMETHYSTS;SEASHELLS;9998.0;1
-2;213100;Valentina;Rhianna;AMETHYSTS;SEASHELLS;9998.0;3
-2;213400;Vladimir;Rhianna;AMETHYSTS;SEASHELLS;9998.0;2
-2;214400;Amelia;Vinnie;AMETHYSTS;SEASHELLS;10004.0;2
-2;214600;Vladimir;Remy;AMETHYSTS;SEASHELLS;9998.0;1
-2;214700;Vladimir;Remy;STARFRUIT;SEASHELLS;4957.0;1
-2;214800;Valentina;Vinnie;STARFRUIT;SEASHELLS;4959.0;3
-2;215100;Remy;Valentina;AMETHYSTS;SEASHELLS;10005.0;2
-2;215100;Remy;Valentina;STARFRUIT;SEASHELLS;4963.0;2
-2;215200;Remy;Vinnie;AMETHYSTS;SEASHELLS;10002.0;1
-2;215200;Valentina;Vinnie;STARFRUIT;SEASHELLS;4959.0;5
-2;215400;Valentina;Vinnie;STARFRUIT;SEASHELLS;4958.0;3
-2;216400;Valentina;Vinnie;STARFRUIT;SEASHELLS;4957.0;6
-2;216500;Remy;Vladimir;AMETHYSTS;SEASHELLS;10002.0;1
-2;216500;Valentina;Remy;STARFRUIT;SEASHELLS;4955.0;1
-2;216700;Valentina;Remy;STARFRUIT;SEASHELLS;4955.0;1
-2;216700;Valentina;Ruby;STARFRUIT;SEASHELLS;4955.0;8
-2;217100;Remy;Rhianna;STARFRUIT;SEASHELLS;4956.0;1
-2;217100;Valentina;Rhianna;STARFRUIT;SEASHELLS;4956.0;2
-2;217100;Remy;Vinnie;AMETHYSTS;SEASHELLS;10004.0;1
-2;217500;Remy;Valentina;AMETHYSTS;SEASHELLS;10002.0;1
-2;217900;Vladimir;Remy;STARFRUIT;SEASHELLS;4958.0;1
-2;217900;Vinnie;Remy;AMETHYSTS;SEASHELLS;9996.0;1
-2;218100;Valentina;Remy;AMETHYSTS;SEASHELLS;9998.0;1
-2;218400;Remy;Valentina;STARFRUIT;SEASHELLS;4964.0;1
-2;218400;Remy;Valentina;AMETHYSTS;SEASHELLS;10005.0;1
-2;219500;Remy;Ruby;STARFRUIT;SEASHELLS;4959.0;1
-2;219900;Remy;Valentina;STARFRUIT;SEASHELLS;4958.0;1
-2;220100;Remy;Remy;STARFRUIT;SEASHELLS;4958.0;1
-2;220100;Vinnie;Remy;AMETHYSTS;SEASHELLS;9996.0;1
-2;220300;Valentina;Remy;STARFRUIT;SEASHELLS;4952.0;2
-2;220300;Remy;Remy;AMETHYSTS;SEASHELLS;10002.0;1
-2;220800;Valentina;Remy;STARFRUIT;SEASHELLS;4954.0;1
-2;221500;Remy;Valentina;STARFRUIT;SEASHELLS;4958.0;1
-2;221700;Valentina;Remy;STARFRUIT;SEASHELLS;4953.0;1
-2;221800;Valentina;Amelia;STARFRUIT;SEASHELLS;4953.0;12
-2;221800;Valentina;Vinnie;STARFRUIT;SEASHELLS;4956.0;6
-2;222500;Remy;Remy;AMETHYSTS;SEASHELLS;9998.0;1
-2;222500;Remy;Vladimir;STARFRUIT;SEASHELLS;4959.0;2
-2;222600;Rhianna;Remy;AMETHYSTS;SEASHELLS;10002.0;1
-2;222900;Ruby;Valentina;AMETHYSTS;SEASHELLS;10005.0;8
-2;223200;Rhianna;Valentina;AMETHYSTS;SEASHELLS;10002.0;1
-2;223200;Valentina;Remy;STARFRUIT;SEASHELLS;4955.0;1
-2;223400;Remy;Valentina;STARFRUIT;SEASHELLS;4960.0;1
-2;223900;Rhianna;Valentina;AMETHYSTS;SEASHELLS;10002.0;3
-2;223900;Amelia;Valentina;STARFRUIT;SEASHELLS;4960.0;15
-2;224300;Remy;Vinnie;STARFRUIT;SEASHELLS;4959.0;2
-2;224300;Remy;Vinnie;AMETHYSTS;SEASHELLS;10004.0;2
-2;224500;Remy;Vinnie;AMETHYSTS;SEASHELLS;10004.0;1
-2;224500;Remy;Valentina;STARFRUIT;SEASHELLS;4960.0;1
-2;224600;Vladimir;Remy;STARFRUIT;SEASHELLS;4953.0;1
-2;224800;Ruby;Valentina;AMETHYSTS;SEASHELLS;10005.0;7
-2;224900;Valentina;Remy;STARFRUIT;SEASHELLS;4954.0;1
-2;225000;Rhianna;Valentina;STARFRUIT;SEASHELLS;4958.0;4
-2;225500;Valentina;Vinnie;STARFRUIT;SEASHELLS;4955.0;3
-2;225800;Valentina;Remy;STARFRUIT;SEASHELLS;4953.0;1
-2;226000;Valentina;Remy;AMETHYSTS;SEASHELLS;9995.0;2
-2;226000;Vladimir;Remy;STARFRUIT;SEASHELLS;4953.0;2
-2;226100;Remy;Valentina;AMETHYSTS;SEASHELLS;10005.0;1
-2;226100;Remy;Valentina;STARFRUIT;SEASHELLS;4959.0;1
-2;226300;Remy;Vladimir;AMETHYSTS;SEASHELLS;10002.0;1
-2;226300;Adam;Valentina;STARFRUIT;SEASHELLS;4956.0;5
-2;226300;Adam;Ruby;STARFRUIT;SEASHELLS;4956.0;5
-2;226500;Remy;Valentina;AMETHYSTS;SEASHELLS;10002.0;1
-2;226700;Valentina;Remy;STARFRUIT;SEASHELLS;4951.0;1
-2;226800;Remy;Vinnie;STARFRUIT;SEASHELLS;4956.0;1
-2;226800;Valentina;Vinnie;STARFRUIT;SEASHELLS;4953.0;4
-2;227400;Vladimir;Rhianna;AMETHYSTS;SEASHELLS;9998.0;5
-2;227500;Vladimir;Remy;STARFRUIT;SEASHELLS;4950.0;1
-2;227600;Vladimir;Ruby;AMETHYSTS;SEASHELLS;9998.0;3
-2;227600;Vladimir;Remy;AMETHYSTS;SEASHELLS;9998.0;1
-2;227600;Valentina;Ruby;AMETHYSTS;SEASHELLS;9998.0;3
-2;227600;Remy;Valentina;STARFRUIT;SEASHELLS;4955.0;1
-2;227700;Remy;Vinnie;STARFRUIT;SEASHELLS;4956.0;1
-2;227700;Remy;Vinnie;AMETHYSTS;SEASHELLS;10004.0;1
-2;227700;Vladimir;Rhianna;AMETHYSTS;SEASHELLS;9998.0;4
-2;227800;Valentina;Remy;STARFRUIT;SEASHELLS;4949.0;1
-2;227900;Remy;Valentina;STARFRUIT;SEASHELLS;4954.0;1
-2;228300;Vladimir;Rhianna;AMETHYSTS;SEASHELLS;9998.0;4
-2;228700;Vladimir;Remy;AMETHYSTS;SEASHELLS;9998.0;1
-2;229200;Ruby;Valentina;AMETHYSTS;SEASHELLS;10005.0;8
-2;229600;Ruby;Vladimir;AMETHYSTS;SEASHELLS;10002.0;4
-2;230000;Remy;Valentina;AMETHYSTS;SEASHELLS;10002.0;1
-2;230400;Valentina;Remy;STARFRUIT;SEASHELLS;4951.0;1
-2;230600;Vinnie;Remy;AMETHYSTS;SEASHELLS;9996.0;2
-2;230600;Rhianna;Valentina;STARFRUIT;SEASHELLS;4954.0;2
-2;230600;Remy;Vladimir;STARFRUIT;SEASHELLS;4955.0;1
-2;230600;Rhianna;Remy;STARFRUIT;SEASHELLS;4954.0;2
-2;231100;Remy;Valentina;STARFRUIT;SEASHELLS;4956.0;1
-2;232500;Valentina;Remy;STARFRUIT;SEASHELLS;4953.0;1
-2;232700;Valentina;Remy;STARFRUIT;SEASHELLS;4953.0;1
-2;232700;Valentina;Rhianna;AMETHYSTS;SEASHELLS;9998.0;2
-2;233000;Valentina;Rhianna;AMETHYSTS;SEASHELLS;9998.0;4
-2;233100;Remy;Valentina;STARFRUIT;SEASHELLS;4960.0;1
-2;233100;Remy;Vladimir;AMETHYSTS;SEASHELLS;10002.0;1
-2;233200;Valentina;Rhianna;AMETHYSTS;SEASHELLS;9998.0;1
-2;233500;Remy;Vladimir;AMETHYSTS;SEASHELLS;10002.0;1
-2;233900;Valentina;Ruby;STARFRUIT;SEASHELLS;4953.0;4
-2;234500;Vladimir;Remy;AMETHYSTS;SEASHELLS;9998.0;1
-2;234500;Valentina;Remy;STARFRUIT;SEASHELLS;4954.0;1
-2;234800;Valentina;Rhianna;AMETHYSTS;SEASHELLS;9998.0;1
-2;235400;Valentina;Remy;AMETHYSTS;SEASHELLS;9998.0;1
-2;235400;Remy;Valentina;STARFRUIT;SEASHELLS;4960.0;1
-2;235700;Remy;Valentina;AMETHYSTS;SEASHELLS;10002.0;1
-2;236100;Valentina;Amelia;AMETHYSTS;SEASHELLS;9995.0;12
-2;236100;Valentina;Remy;AMETHYSTS;SEASHELLS;9998.0;1
-2;236100;Valentina;Ruby;AMETHYSTS;SEASHELLS;9995.0;5
-2;236400;Valentina;Remy;AMETHYSTS;SEASHELLS;9998.0;1
-2;236400;Valentina;Remy;STARFRUIT;SEASHELLS;4956.0;2
-2;236400;Vinnie;Remy;AMETHYSTS;SEASHELLS;9996.0;2
-2;236500;Valentina;Ruby;AMETHYSTS;SEASHELLS;9995.0;2
-2;236500;Valentina;Remy;STARFRUIT;SEASHELLS;4957.0;1
-2;236500;Amelia;Valentina;STARFRUIT;SEASHELLS;4964.0;13
-2;236600;Vinnie;Ruby;AMETHYSTS;SEASHELLS;10000.0;3
-2;236700;Valentina;Remy;STARFRUIT;SEASHELLS;4957.0;1
-2;236900;Valentina;Vinnie;STARFRUIT;SEASHELLS;4958.0;4
-2;237000;Remy;Valentina;STARFRUIT;SEASHELLS;4962.0;1
-2;237000;Remy;Valentina;AMETHYSTS;SEASHELLS;10005.0;1
-2;237000;Ruby;Vinnie;AMETHYSTS;SEASHELLS;10004.0;1
-2;237100;Valentina;Remy;AMETHYSTS;SEASHELLS;9998.0;1
-2;237100;Valentina;Ruby;AMETHYSTS;SEASHELLS;9995.0;4
-2;237200;Vinnie;Adam;STARFRUIT;SEASHELLS;4956.0;1
-2;237700;Vladimir;Remy;STARFRUIT;SEASHELLS;4956.0;1
-2;237900;Remy;Vinnie;AMETHYSTS;SEASHELLS;10004.0;1
-2;237900;Remy;Vinnie;STARFRUIT;SEASHELLS;4961.0;1
-2;238000;Remy;Vinnie;AMETHYSTS;SEASHELLS;10004.0;1
-2;238000;Remy;Valentina;STARFRUIT;SEASHELLS;4962.0;1
-2;238300;Amelia;Valentina;STARFRUIT;SEASHELLS;4961.0;13
-2;238700;Valentina;Remy;STARFRUIT;SEASHELLS;4953.0;2
-2;238700;Remy;Remy;AMETHYSTS;SEASHELLS;10002.0;1
-2;239100;Vinnie;Remy;STARFRUIT;SEASHELLS;4953.0;1
-2;239200;Remy;Valentina;STARFRUIT;SEASHELLS;4958.0;1
-2;239300;Rhianna;Vladimir;STARFRUIT;SEASHELLS;4957.0;5
-2;239400;Remy;Valentina;AMETHYSTS;SEASHELLS;10002.0;1
-2;239800;Vladimir;Remy;AMETHYSTS;SEASHELLS;9998.0;1
-2;240100;Vinnie;Remy;AMETHYSTS;SEASHELLS;9998.0;1
-2;240700;Vladimir;Rhianna;AMETHYSTS;SEASHELLS;9998.0;1
-2;241000;Valentina;Remy;STARFRUIT;SEASHELLS;4953.0;1
-2;241200;Valentina;Remy;STARFRUIT;SEASHELLS;4954.0;1
-2;241200;Amelia;Rhianna;AMETHYSTS;SEASHELLS;9998.0;3
-2;241300;Vladimir;Adam;AMETHYSTS;SEASHELLS;9998.0;8
-2;241300;Valentina;Adam;AMETHYSTS;SEASHELLS;9998.0;4
-2;241400;Vinnie;Amelia;AMETHYSTS;SEASHELLS;9996.0;1
-2;241400;Valentina;Amelia;AMETHYSTS;SEASHELLS;9996.0;9
-2;241500;Valentina;Remy;STARFRUIT;SEASHELLS;4954.0;1
-2;241600;Valentina;Vinnie;STARFRUIT;SEASHELLS;4957.0;2
-2;241700;Remy;Valentina;STARFRUIT;SEASHELLS;4960.0;2
-2;241700;Remy;Vladimir;AMETHYSTS;SEASHELLS;10002.0;2
-2;241800;Rhianna;Remy;AMETHYSTS;SEASHELLS;10002.0;1
-2;242200;Valentina;Remy;AMETHYSTS;SEASHELLS;9998.0;1
-2;242300;Remy;Valentina;AMETHYSTS;SEASHELLS;10002.0;1
-2;242400;Valentina;Amelia;STARFRUIT;SEASHELLS;4954.0;11
-2;242600;Remy;Valentina;STARFRUIT;SEASHELLS;4958.0;1
-2;242800;Ruby;Valentina;AMETHYSTS;SEASHELLS;10005.0;8
-2;242900;Remy;Vladimir;STARFRUIT;SEASHELLS;4958.0;1
-2;243100;Vinnie;Remy;STARFRUIT;SEASHELLS;4952.0;1
-2;243200;Ruby;Valentina;AMETHYSTS;SEASHELLS;10005.0;4
-2;243200;Valentina;Rhianna;STARFRUIT;SEASHELLS;4953.0;3
-2;243300;Vladimir;Rhianna;AMETHYSTS;SEASHELLS;9998.0;3
-2;243400;Remy;Remy;STARFRUIT;SEASHELLS;4957.0;1
-2;243400;Vinnie;Remy;AMETHYSTS;SEASHELLS;9996.0;1
-2;243600;Ruby;Valentina;STARFRUIT;SEASHELLS;4959.0;10
-2;243600;Adam;Remy;STARFRUIT;SEASHELLS;4952.0;1
-2;243600;Adam;Valentina;STARFRUIT;SEASHELLS;4957.0;6
-2;243700;Vinnie;Remy;AMETHYSTS;SEASHELLS;9996.0;1
-2;243700;Valentina;Remy;STARFRUIT;SEASHELLS;4952.0;2
-2;244100;Valentina;Remy;AMETHYSTS;SEASHELLS;9998.0;1
-2;244300;Valentina;Amelia;STARFRUIT;SEASHELLS;4952.0;8
-2;244400;Valentina;Remy;AMETHYSTS;SEASHELLS;9998.0;1
-2;244700;Remy;Valentina;STARFRUIT;SEASHELLS;4958.0;1
-2;244900;Remy;Vinnie;AMETHYSTS;SEASHELLS;10002.0;1
-2;245000;Amelia;Vladimir;AMETHYSTS;SEASHELLS;10002.0;8
-2;245200;Valentina;Remy;STARFRUIT;SEASHELLS;4954.0;1
-2;245300;Valentina;Amelia;STARFRUIT;SEASHELLS;4954.0;12
-2;246100;Rhianna;Valentina;AMETHYSTS;SEASHELLS;10002.0;3
-2;246200;Rhianna;Valentina;AMETHYSTS;SEASHELLS;10002.0;3
-2;246700;Valentina;Rhianna;STARFRUIT;SEASHELLS;4957.0;4
-2;247100;Valentina;Remy;AMETHYSTS;SEASHELLS;9998.0;1
-2;247300;Vladimir;Remy;STARFRUIT;SEASHELLS;4956.0;1
-2;247400;Remy;Vladimir;STARFRUIT;SEASHELLS;4961.0;1
-2;247600;Vladimir;Rhianna;AMETHYSTS;SEASHELLS;9998.0;2
-2;247600;Valentina;Remy;STARFRUIT;SEASHELLS;4957.0;1
-2;247600;Vladimir;Ruby;AMETHYSTS;SEASHELLS;9998.0;1
-2;247600;Valentina;Ruby;AMETHYSTS;SEASHELLS;9998.0;4
-2;247700;Vladimir;Adam;AMETHYSTS;SEASHELLS;9998.0;6
-2;247700;Vinnie;Remy;AMETHYSTS;SEASHELLS;9996.0;2
-2;247700;Vladimir;Remy;STARFRUIT;SEASHELLS;4957.0;2
-2;247900;Valentina;Amelia;AMETHYSTS;SEASHELLS;9996.0;9
-2;247900;Vinnie;Amelia;AMETHYSTS;SEASHELLS;9996.0;1
-2;248400;Valentina;Remy;STARFRUIT;SEASHELLS;4956.0;1
-2;248400;Vinnie;Remy;AMETHYSTS;SEASHELLS;9996.0;1
-2;248700;Valentina;Remy;AMETHYSTS;SEASHELLS;9998.0;1
-2;248700;Valentina;Adam;STARFRUIT;SEASHELLS;4956.0;10
-2;249000;Remy;Valentina;AMETHYSTS;SEASHELLS;10002.0;1
-2;249300;Valentina;Remy;AMETHYSTS;SEASHELLS;9998.0;1
-2;249400;Valentina;Remy;STARFRUIT;SEASHELLS;4956.0;1
-2;249400;Vladimir;Remy;AMETHYSTS;SEASHELLS;9998.0;1
-2;249800;Remy;Valentina;AMETHYSTS;SEASHELLS;10002.0;1
-2;249900;Remy;Valentina;STARFRUIT;SEASHELLS;4960.0;1
-2;249900;Remy;Valentina;AMETHYSTS;SEASHELLS;10002.0;1
-2;250500;Remy;Valentina;AMETHYSTS;SEASHELLS;10005.0;2
-2;250500;Rhianna;Valentina;AMETHYSTS;SEASHELLS;10002.0;1
-2;250500;Remy;Valentina;STARFRUIT;SEASHELLS;4962.0;2
-2;250600;Remy;Amelia;STARFRUIT;SEASHELLS;4960.0;1
-2;250700;Vinnie;Rhianna;AMETHYSTS;SEASHELLS;9998.0;3
-2;251100;Rhianna;Valentina;AMETHYSTS;SEASHELLS;10002.0;5
-2;251300;Valentina;Remy;STARFRUIT;SEASHELLS;4954.0;1
-2;251700;Vinnie;Ruby;AMETHYSTS;SEASHELLS;9996.0;2
-2;251700;Valentina;Remy;AMETHYSTS;SEASHELLS;9998.0;1
-2;251700;Valentina;Ruby;AMETHYSTS;SEASHELLS;9996.0;2
-2;251900;Valentina;Adam;STARFRUIT;SEASHELLS;4955.0;8
-2;251900;Valentina;Ruby;STARFRUIT;SEASHELLS;4954.0;15
-2;252300;Ruby;Vladimir;AMETHYSTS;SEASHELLS;10002.0;5
-2;252400;Valentina;Vinnie;STARFRUIT;SEASHELLS;4957.0;2
-2;252800;Valentina;Remy;STARFRUIT;SEASHELLS;4956.0;2
-2;252800;Vinnie;Remy;AMETHYSTS;SEASHELLS;9996.0;2
-2;253500;Vinnie;Remy;STARFRUIT;SEASHELLS;4955.0;1
-2;253500;Vinnie;Remy;AMETHYSTS;SEASHELLS;9996.0;1
-2;253700;Valentina;Remy;STARFRUIT;SEASHELLS;4955.0;1
-2;253800;Remy;Vladimir;AMETHYSTS;SEASHELLS;10002.0;1
-2;254000;Remy;Valentina;STARFRUIT;SEASHELLS;4962.0;2
-2;254000;Remy;Valentina;AMETHYSTS;SEASHELLS;10005.0;2
-2;254400;Valentina;Vinnie;STARFRUIT;SEASHELLS;4958.0;3
-2;254700;Remy;Valentina;STARFRUIT;SEASHELLS;4963.0;1
-2;254700;Remy;Vinnie;AMETHYSTS;SEASHELLS;10004.0;1
-2;254800;Remy;Valentina;AMETHYSTS;SEASHELLS;10002.0;1
-2;255000;Valentina;Remy;STARFRUIT;SEASHELLS;4955.0;1
-2;255100;Vinnie;Remy;AMETHYSTS;SEASHELLS;9996.0;1
-2;255100;Vinnie;Remy;STARFRUIT;SEASHELLS;4956.0;1
-2;255400;Valentina;Remy;STARFRUIT;SEASHELLS;4956.0;1
-2;256000;Remy;Vladimir;STARFRUIT;SEASHELLS;4959.0;1
-2;256100;Rhianna;Valentina;STARFRUIT;SEASHELLS;4958.0;4
-2;256500;Ruby;Valentina;STARFRUIT;SEASHELLS;4960.0;6
-2;256700;Ruby;Vladimir;STARFRUIT;SEASHELLS;4958.0;7
-2;256900;Remy;Vladimir;STARFRUIT;SEASHELLS;4959.0;1
-2;257000;Remy;Vladimir;AMETHYSTS;SEASHELLS;10002.0;1
-2;257100;Remy;Valentina;STARFRUIT;SEASHELLS;4959.0;1
-2;257600;Vinnie;Remy;AMETHYSTS;SEASHELLS;9996.0;1
-2;257600;Valentina;Remy;STARFRUIT;SEASHELLS;4954.0;1
-2;258000;Valentina;Remy;AMETHYSTS;SEASHELLS;9998.0;1
-2;258200;Valentina;Remy;AMETHYSTS;SEASHELLS;9995.0;2
-2;258200;Valentina;Remy;STARFRUIT;SEASHELLS;4953.0;2
-2;258400;Ruby;Valentina;AMETHYSTS;SEASHELLS;10005.0;5
-2;258400;Adam;Remy;STARFRUIT;SEASHELLS;4952.0;1
-2;259300;Valentina;Remy;STARFRUIT;SEASHELLS;4953.0;1
-2;259300;Vladimir;Remy;AMETHYSTS;SEASHELLS;9998.0;1
-2;259500;Remy;Valentina;STARFRUIT;SEASHELLS;4957.0;1
-2;259800;Vinnie;Adam;STARFRUIT;SEASHELLS;4951.0;2
-2;260000;Remy;Vladimir;AMETHYSTS;SEASHELLS;10002.0;1
-2;260200;Valentina;Remy;AMETHYSTS;SEASHELLS;9995.0;1
-2;260200;Valentina;Remy;STARFRUIT;SEASHELLS;4951.0;1
-2;260300;Remy;Valentina;AMETHYSTS;SEASHELLS;10002.0;1
-2;260300;Valentina;Remy;STARFRUIT;SEASHELLS;4951.0;1
-2;260600;Valentina;Remy;STARFRUIT;SEASHELLS;4951.0;1
-2;260600;Ruby;Vinnie;AMETHYSTS;SEASHELLS;10004.0;1
-2;261000;Remy;Vinnie;STARFRUIT;SEASHELLS;4956.0;1
-2;261200;Remy;Vladimir;AMETHYSTS;SEASHELLS;10002.0;1
-2;261300;Remy;Ruby;AMETHYSTS;SEASHELLS;10002.0;1
-2;261500;Vladimir;Remy;STARFRUIT;SEASHELLS;4952.0;1
-2;261500;Vladimir;Remy;AMETHYSTS;SEASHELLS;9998.0;1
-2;261600;Remy;Valentina;AMETHYSTS;SEASHELLS;10002.0;1
-2;261700;Ruby;Vladimir;STARFRUIT;SEASHELLS;4957.0;6
-2;261800;Remy;Vladimir;STARFRUIT;SEASHELLS;4957.0;1
-2;261900;Valentina;Remy;STARFRUIT;SEASHELLS;4952.0;1
-2;262200;Remy;Valentina;AMETHYSTS;SEASHELLS;10005.0;2
-2;262200;Remy;Valentina;STARFRUIT;SEASHELLS;4960.0;2
-2;262400;Remy;Vladimir;AMETHYSTS;SEASHELLS;10002.0;1
-2;262500;Valentina;Rhianna;AMETHYSTS;SEASHELLS;9998.0;2
-2;262800;Adam;Valentina;STARFRUIT;SEASHELLS;4959.0;7
-2;262800;Adam;Remy;STARFRUIT;SEASHELLS;4954.0;1
-2;262900;Amelia;Valentina;STARFRUIT;SEASHELLS;4961.0;13
-2;262900;Remy;Valentina;STARFRUIT;SEASHELLS;4959.0;1
-2;263700;Valentina;Remy;STARFRUIT;SEASHELLS;4954.0;1
-2;263800;Remy;Vladimir;AMETHYSTS;SEASHELLS;10002.0;1
-2;264700;Valentina;Remy;AMETHYSTS;SEASHELLS;9998.0;1
-2;264800;Remy;Vladimir;STARFRUIT;SEASHELLS;4958.0;1
-2;265000;Valentina;Remy;AMETHYSTS;SEASHELLS;9998.0;1
-2;265500;Valentina;Rhianna;STARFRUIT;SEASHELLS;4955.0;4
-2;265700;Remy;Vladimir;STARFRUIT;SEASHELLS;4957.0;2
-2;265700;Remy;Vinnie;AMETHYSTS;SEASHELLS;10004.0;2
-2;265900;Vinnie;Remy;AMETHYSTS;SEASHELLS;10000.0;1
-2;265900;Remy;Remy;STARFRUIT;SEASHELLS;4958.0;1
-2;266000;Valentina;Remy;STARFRUIT;SEASHELLS;4953.0;1
-2;266000;Vladimir;Rhianna;AMETHYSTS;SEASHELLS;9998.0;3
-2;266300;Valentina;Remy;STARFRUIT;SEASHELLS;4953.0;1
-2;266500;Remy;Valentina;STARFRUIT;SEASHELLS;4958.0;1
-2;266700;Remy;Valentina;AMETHYSTS;SEASHELLS;10002.0;1
-2;266800;Remy;Valentina;STARFRUIT;SEASHELLS;4960.0;1
-2;266800;Remy;Vinnie;AMETHYSTS;SEASHELLS;10004.0;1
-2;267000;Rhianna;Valentina;AMETHYSTS;SEASHELLS;10002.0;5
-2;267000;Valentina;Ruby;STARFRUIT;SEASHELLS;4954.0;4
-2;267000;Vladimir;Remy;STARFRUIT;SEASHELLS;4953.0;1
-2;267000;Vladimir;Ruby;STARFRUIT;SEASHELLS;4954.0;4
-2;267600;Remy;Valentina;AMETHYSTS;SEASHELLS;10002.0;1
-2;268500;Valentina;Amelia;STARFRUIT;SEASHELLS;4955.0;9
-2;268800;Ruby;Vinnie;AMETHYSTS;SEASHELLS;10004.0;2
-2;268800;Amelia;Rhianna;STARFRUIT;SEASHELLS;4957.0;4
-2;269000;Vinnie;Remy;AMETHYSTS;SEASHELLS;9996.0;1
-2;269000;Valentina;Remy;AMETHYSTS;SEASHELLS;9996.0;1
-2;269000;Valentina;Remy;STARFRUIT;SEASHELLS;4955.0;2
-2;269200;Rhianna;Valentina;STARFRUIT;SEASHELLS;4959.0;2
-2;269200;Remy;Valentina;STARFRUIT;SEASHELLS;4960.0;1
-2;269200;Adam;Vladimir;AMETHYSTS;SEASHELLS;10002.0;8
-2;269400;Valentina;Ruby;AMETHYSTS;SEASHELLS;9995.0;5
-2;269700;Valentina;Remy;AMETHYSTS;SEASHELLS;9998.0;1
-2;269800;Remy;Remy;STARFRUIT;SEASHELLS;4960.0;1
-2;269800;Rhianna;Valentina;AMETHYSTS;SEASHELLS;10002.0;1
-2;269800;Rhianna;Remy;AMETHYSTS;SEASHELLS;10002.0;2
-2;269900;Remy;Valentina;STARFRUIT;SEASHELLS;4961.0;1
-2;270100;Valentina;Remy;STARFRUIT;SEASHELLS;4956.0;1
-2;270200;Vladimir;Remy;AMETHYSTS;SEASHELLS;9998.0;1
-2;270300;Vinnie;Remy;STARFRUIT;SEASHELLS;4956.0;1
-2;270400;Ruby;Valentina;AMETHYSTS;SEASHELLS;10005.0;5
-2;270600;Remy;Vladimir;STARFRUIT;SEASHELLS;4961.0;1
-2;270700;Valentina;Remy;STARFRUIT;SEASHELLS;4957.0;1
-2;270900;Remy;Vinnie;AMETHYSTS;SEASHELLS;10004.0;2
-2;270900;Remy;Valentina;STARFRUIT;SEASHELLS;4963.0;2
-2;271600;Vladimir;Remy;AMETHYSTS;SEASHELLS;9998.0;1
-2;271700;Adam;Vladimir;STARFRUIT;SEASHELLS;4961.0;4
-2;271700;Adam;Remy;STARFRUIT;SEASHELLS;4956.0;1
-2;271700;Adam;Valentina;STARFRUIT;SEASHELLS;4961.0;3
-2;271800;Ruby;Vinnie;AMETHYSTS;SEASHELLS;10004.0;2
-2;272100;Remy;Valentina;STARFRUIT;SEASHELLS;4962.0;1
-2;272200;Vinnie;Remy;STARFRUIT;SEASHELLS;4957.0;1
-2;272300;Rhianna;Valentina;AMETHYSTS;SEASHELLS;10002.0;2
-2;272700;Valentina;Remy;AMETHYSTS;SEASHELLS;9998.0;1
-2;272800;Ruby;Vinnie;AMETHYSTS;SEASHELLS;10004.0;1
-2;272800;Remy;Vinnie;STARFRUIT;SEASHELLS;4964.0;1
-2;272800;Remy;Valentina;AMETHYSTS;SEASHELLS;10005.0;2
-2;273400;Vinnie;Amelia;AMETHYSTS;SEASHELLS;9996.0;2
-2;273400;Valentina;Amelia;AMETHYSTS;SEASHELLS;9996.0;6
-2;274200;Remy;Vladimir;STARFRUIT;SEASHELLS;4965.0;1
-2;274800;Valentina;Adam;STARFRUIT;SEASHELLS;4960.0;9
-2;275000;Remy;Valentina;STARFRUIT;SEASHELLS;4964.0;1
-2;275600;Ruby;Remy;AMETHYSTS;SEASHELLS;9998.0;1
-2;276500;Amelia;Remy;AMETHYSTS;SEASHELLS;9998.0;1
-2;276800;Rhianna;Vladimir;STARFRUIT;SEASHELLS;4965.0;4
-2;276900;Rhianna;Vladimir;STARFRUIT;SEASHELLS;4965.0;4
-2;277000;Vinnie;Remy;AMETHYSTS;SEASHELLS;9996.0;2
-2;277000;Valentina;Remy;STARFRUIT;SEASHELLS;4962.0;1
-2;277000;Valentina;Remy;STARFRUIT;SEASHELLS;4961.0;2
-2;277800;Valentina;Rhianna;STARFRUIT;SEASHELLS;4962.0;5
-2;278000;Valentina;Vinnie;STARFRUIT;SEASHELLS;4963.0;4
-2;278200;Vinnie;Remy;STARFRUIT;SEASHELLS;4961.0;1
-2;278200;Valentina;Rhianna;AMETHYSTS;SEASHELLS;9998.0;3
-2;278500;Vinnie;Amelia;AMETHYSTS;SEASHELLS;9996.0;1
-2;279300;Valentina;Remy;STARFRUIT;SEASHELLS;4960.0;1
-2;279400;Vinnie;Amelia;AMETHYSTS;SEASHELLS;9996.0;2
-2;279400;Valentina;Remy;AMETHYSTS;SEASHELLS;9995.0;2
-2;279400;Valentina;Remy;STARFRUIT;SEASHELLS;4960.0;2
-2;279900;Valentina;Remy;STARFRUIT;SEASHELLS;4960.0;2
-2;279900;Vinnie;Remy;AMETHYSTS;SEASHELLS;9996.0;1
-2;280200;Vladimir;Rhianna;STARFRUIT;SEASHELLS;4960.0;2
-2;280300;Vladimir;Remy;STARFRUIT;SEASHELLS;4960.0;1
-2;280400;Remy;Vinnie;AMETHYSTS;SEASHELLS;10004.0;2
-2;280400;Vladimir;Rhianna;STARFRUIT;SEASHELLS;4961.0;3
-2;280400;Remy;Valentina;STARFRUIT;SEASHELLS;4966.0;2
-2;280900;Vinnie;Ruby;AMETHYSTS;SEASHELLS;10000.0;2
-2;281100;Rhianna;Valentina;AMETHYSTS;SEASHELLS;10002.0;5
-2;282200;Vladimir;Remy;STARFRUIT;SEASHELLS;4961.0;1
-2;282400;Rhianna;Vladimir;AMETHYSTS;SEASHELLS;10002.0;1
-2;282500;Valentina;Ruby;AMETHYSTS;SEASHELLS;9995.0;2
-2;282600;Ruby;Valentina;STARFRUIT;SEASHELLS;4968.0;13
-2;283100;Valentina;Ruby;STARFRUIT;SEASHELLS;4961.0;6
-2;283300;Remy;Valentina;STARFRUIT;SEASHELLS;4968.0;2
-2;283300;Remy;Valentina;AMETHYSTS;SEASHELLS;10004.0;1
-2;283300;Remy;Vinnie;AMETHYSTS;SEASHELLS;10004.0;1
-2;283600;Remy;Valentina;AMETHYSTS;SEASHELLS;10002.0;1
-2;283700;Valentina;Remy;AMETHYSTS;SEASHELLS;9998.0;1
-2;284300;Vladimir;Remy;AMETHYSTS;SEASHELLS;9998.0;1
-2;284500;Vinnie;Remy;STARFRUIT;SEASHELLS;4961.0;2
-2;284500;Vinnie;Remy;AMETHYSTS;SEASHELLS;9996.0;2
-2;284700;Vladimir;Remy;STARFRUIT;SEASHELLS;4960.0;1
-2;285100;Vinnie;Remy;AMETHYSTS;SEASHELLS;9996.0;1
-2;285100;Vinnie;Remy;STARFRUIT;SEASHELLS;4961.0;1
-2;285200;Ruby;Valentina;STARFRUIT;SEASHELLS;4967.0;5
-2;285700;Vinnie;Amelia;AMETHYSTS;SEASHELLS;9996.0;2
-2;285700;Vinnie;Adam;STARFRUIT;SEASHELLS;4961.0;2
-2;286000;Valentina;Vinnie;STARFRUIT;SEASHELLS;4963.0;4
-2;286000;Remy;Vinnie;STARFRUIT;SEASHELLS;4963.0;2
-2;286000;Remy;Remy;AMETHYSTS;SEASHELLS;9998.0;1
-2;286500;Amelia;Valentina;STARFRUIT;SEASHELLS;4965.0;10
-2;286900;Vladimir;Rhianna;STARFRUIT;SEASHELLS;4959.0;2
-2;287000;Remy;Vladimir;STARFRUIT;SEASHELLS;4963.0;1
-2;288100;Valentina;Remy;STARFRUIT;SEASHELLS;4958.0;1
-2;288100;Rhianna;Valentina;AMETHYSTS;SEASHELLS;10002.0;4
-2;288100;Rhianna;Remy;AMETHYSTS;SEASHELLS;10002.0;1
-2;288600;Vinnie;Remy;STARFRUIT;SEASHELLS;4957.0;1
-2;288600;Valentina;Rhianna;STARFRUIT;SEASHELLS;4958.0;4
-2;288900;Remy;Vladimir;STARFRUIT;SEASHELLS;4960.0;1
-2;288900;Remy;Vladimir;STARFRUIT;SEASHELLS;4961.0;1
-2;288900;Remy;Vinnie;AMETHYSTS;SEASHELLS;10004.0;1
-2;289400;Remy;Valentina;STARFRUIT;SEASHELLS;4961.0;1
-2;289800;Amelia;Vinnie;AMETHYSTS;SEASHELLS;10004.0;2
-2;289900;Rhianna;Valentina;STARFRUIT;SEASHELLS;4961.0;3
-2;290200;Valentina;Remy;STARFRUIT;SEASHELLS;4957.0;1
-2;290300;Remy;Remy;AMETHYSTS;SEASHELLS;9998.0;1
-2;290300;Remy;Valentina;STARFRUIT;SEASHELLS;4963.0;1
-2;291400;Valentina;Ruby;AMETHYSTS;SEASHELLS;9995.0;4
-2;291400;Valentina;Remy;STARFRUIT;SEASHELLS;4960.0;1
-2;291500;Valentina;Remy;AMETHYSTS;SEASHELLS;9998.0;1
-2;291700;Valentina;Remy;STARFRUIT;SEASHELLS;4959.0;1
-2;291700;Valentina;Remy;AMETHYSTS;SEASHELLS;9998.0;1
-2;292200;Remy;Valentina;AMETHYSTS;SEASHELLS;10002.0;1
-2;292300;Vinnie;Remy;AMETHYSTS;SEASHELLS;9996.0;2
-2;292300;Valentina;Remy;STARFRUIT;SEASHELLS;4957.0;2
-2;292400;Valentina;Rhianna;STARFRUIT;SEASHELLS;4959.0;3
-2;292400;Remy;Valentina;AMETHYSTS;SEASHELLS;10002.0;1
-2;292500;Rhianna;Valentina;AMETHYSTS;SEASHELLS;10002.0;3
-2;292500;Rhianna;Vladimir;AMETHYSTS;SEASHELLS;10002.0;2
-2;292800;Remy;Remy;AMETHYSTS;SEASHELLS;10002.0;1
-2;292800;Vinnie;Remy;STARFRUIT;SEASHELLS;4958.0;1
-2;293000;Vinnie;Remy;STARFRUIT;SEASHELLS;4958.0;1
-2;293100;Vinnie;Remy;STARFRUIT;SEASHELLS;4958.0;1
-2;293400;Vladimir;Remy;STARFRUIT;SEASHELLS;4958.0;1
-2;293500;Adam;Vinnie;STARFRUIT;SEASHELLS;4963.0;2
-2;293500;Adam;Vladimir;STARFRUIT;SEASHELLS;4963.0;5
-2;293700;Remy;Valentina;AMETHYSTS;SEASHELLS;10002.0;1
-2;293800;Rhianna;Valentina;STARFRUIT;SEASHELLS;4961.0;5
-2;294200;Valentina;Vinnie;STARFRUIT;SEASHELLS;4959.0;5
-2;294600;Valentina;Adam;STARFRUIT;SEASHELLS;4956.0;9
-2;294700;Valentina;Amelia;STARFRUIT;SEASHELLS;4955.0;12
-2;294900;Valentina;Remy;STARFRUIT;SEASHELLS;4955.0;1
-2;294900;Valentina;Remy;AMETHYSTS;SEASHELLS;9995.0;1
-2;295300;Valentina;Remy;STARFRUIT;SEASHELLS;4956.0;1
-2;295700;Remy;Valentina;STARFRUIT;SEASHELLS;4963.0;2
-2;295700;Remy;Vinnie;AMETHYSTS;SEASHELLS;10004.0;1
-2;295800;Remy;Remy;AMETHYSTS;SEASHELLS;10002.0;1
-2;295800;Valentina;Remy;STARFRUIT;SEASHELLS;4956.0;1
-2;296200;Remy;Vladimir;AMETHYSTS;SEASHELLS;10002.0;1
-2;296300;Remy;Valentina;STARFRUIT;SEASHELLS;4963.0;1
-2;296400;Vladimir;Rhianna;AMETHYSTS;SEASHELLS;9998.0;5
-2;296500;Valentina;Ruby;STARFRUIT;SEASHELLS;4958.0;10
-2;297100;Remy;Vladimir;STARFRUIT;SEASHELLS;4964.0;1
-2;297300;Ruby;Vinnie;AMETHYSTS;SEASHELLS;10004.0;2
-2;297400;Remy;Vinnie;STARFRUIT;SEASHELLS;4968.0;1
-2;297400;Valentina;Remy;STARFRUIT;SEASHELLS;4962.0;1
-2;297400;Remy;Rhianna;AMETHYSTS;SEASHELLS;9998.0;2
-2;297500;Valentina;Amelia;STARFRUIT;SEASHELLS;4961.0;11
-2;297700;Remy;Vladimir;AMETHYSTS;SEASHELLS;10002.0;1
-2;297800;Rhianna;Valentina;AMETHYSTS;SEASHELLS;10002.0;3
-2;298100;Vinnie;Remy;STARFRUIT;SEASHELLS;4961.0;1
-2;298100;Vladimir;Remy;AMETHYSTS;SEASHELLS;9998.0;2
-2;298600;Valentina;Remy;STARFRUIT;SEASHELLS;4963.0;1
-2;298800;Remy;Vladimir;STARFRUIT;SEASHELLS;4968.0;1
-2;298900;Remy;Rhianna;STARFRUIT;SEASHELLS;4965.0;1
-2;298900;Valentina;Rhianna;STARFRUIT;SEASHELLS;4965.0;1
-2;299400;Valentina;Amelia;STARFRUIT;SEASHELLS;4961.0;11
-2;299500;Valentina;Ruby;AMETHYSTS;SEASHELLS;9995.0;5
-2;299600;Remy;Vladimir;STARFRUIT;SEASHELLS;4966.0;1
-2;299700;Valentina;Vinnie;STARFRUIT;SEASHELLS;4964.0;2
-2;299700;Remy;Vinnie;STARFRUIT;SEASHELLS;4966.0;1
-2;300500;Valentina;Vinnie;STARFRUIT;SEASHELLS;4963.0;3
-2;300800;Remy;Valentina;STARFRUIT;SEASHELLS;4967.0;1
-2;300800;Remy;Valentina;AMETHYSTS;SEASHELLS;10005.0;1
-2;301400;Remy;Vladimir;STARFRUIT;SEASHELLS;4965.0;2
-2;301400;Remy;Valentina;AMETHYSTS;SEASHELLS;10005.0;2
-2;301500;Remy;Valentina;AMETHYSTS;SEASHELLS;10002.0;1
-2;301700;Valentina;Remy;STARFRUIT;SEASHELLS;4960.0;1
-2;301800;Valentina;Rhianna;STARFRUIT;SEASHELLS;4961.0;3
-2;301800;Valentina;Ruby;STARFRUIT;SEASHELLS;4960.0;11
-2;302100;Remy;Vinnie;AMETHYSTS;SEASHELLS;10004.0;1
-2;302100;Rhianna;Valentina;STARFRUIT;SEASHELLS;4964.0;2
-2;302100;Remy;Valentina;STARFRUIT;SEASHELLS;4966.0;1
-2;302100;Remy;Valentina;STARFRUIT;SEASHELLS;4965.0;1
-2;302400;Vladimir;Rhianna;AMETHYSTS;SEASHELLS;9998.0;1
-2;302400;Valentina;Rhianna;AMETHYSTS;SEASHELLS;9998.0;4
-2;302500;Valentina;Remy;AMETHYSTS;SEASHELLS;9998.0;1
-2;302500;Valentina;Rhianna;STARFRUIT;SEASHELLS;4960.0;5
-2;302600;Valentina;Ruby;STARFRUIT;SEASHELLS;4959.0;7
-2;302900;Vinnie;Remy;STARFRUIT;SEASHELLS;4960.0;1
-2;303100;Remy;Remy;STARFRUIT;SEASHELLS;4960.0;1
-2;303100;Remy;Valentina;AMETHYSTS;SEASHELLS;10005.0;2
-2;303600;Valentina;Remy;STARFRUIT;SEASHELLS;4961.0;1
-2;303600;Vladimir;Rhianna;AMETHYSTS;SEASHELLS;9998.0;5
-2;303700;Valentina;Rhianna;STARFRUIT;SEASHELLS;4962.0;4
-2;303700;Remy;Valentina;AMETHYSTS;SEASHELLS;10002.0;1
-2;303900;Valentina;Adam;STARFRUIT;SEASHELLS;4962.0;3
-2;303900;Vladimir;Adam;STARFRUIT;SEASHELLS;4962.0;2
-2;303900;Vinnie;Adam;STARFRUIT;SEASHELLS;4962.0;2
-2;304200;Valentina;Amelia;STARFRUIT;SEASHELLS;4961.0;8
-2;304200;Valentina;Rhianna;STARFRUIT;SEASHELLS;4962.0;4
-2;304800;Vladimir;Amelia;STARFRUIT;SEASHELLS;4960.0;5
-2;305100;Vladimir;Remy;AMETHYSTS;SEASHELLS;9998.0;1
-2;305700;Valentina;Vinnie;STARFRUIT;SEASHELLS;4961.0;5
-2;305900;Rhianna;Vladimir;AMETHYSTS;SEASHELLS;10002.0;3
-2;306200;Valentina;Ruby;STARFRUIT;SEASHELLS;4960.0;12
-2;306300;Valentina;Remy;AMETHYSTS;SEASHELLS;9998.0;1
-2;306700;Valentina;Rhianna;AMETHYSTS;SEASHELLS;9998.0;2
-2;307400;Valentina;Remy;AMETHYSTS;SEASHELLS;9998.0;1
-2;307500;Vladimir;Remy;STARFRUIT;SEASHELLS;4960.0;1
-2;307900;Remy;Vinnie;AMETHYSTS;SEASHELLS;10004.0;1
-2;307900;Remy;Vinnie;STARFRUIT;SEASHELLS;4966.0;1
-2;308000;Remy;Valentina;AMETHYSTS;SEASHELLS;10002.0;1
-2;308200;Vinnie;Remy;AMETHYSTS;SEASHELLS;9996.0;1
-2;308200;Vladimir;Remy;STARFRUIT;SEASHELLS;4960.0;1
-2;308300;Valentina;Remy;STARFRUIT;SEASHELLS;4960.0;1
-2;308300;Remy;Valentina;AMETHYSTS;SEASHELLS;10002.0;1
-2;308400;Vladimir;Rhianna;STARFRUIT;SEASHELLS;4960.0;2
-2;308500;Valentina;Remy;STARFRUIT;SEASHELLS;4959.0;1
-2;308600;Vinnie;Remy;STARFRUIT;SEASHELLS;4959.0;1
-2;309600;Vladimir;Remy;AMETHYSTS;SEASHELLS;9998.0;2
-2;309600;Valentina;Remy;STARFRUIT;SEASHELLS;4959.0;2
-2;309800;Valentina;Remy;AMETHYSTS;SEASHELLS;9998.0;1
-2;310300;Valentina;Vinnie;STARFRUIT;SEASHELLS;4961.0;2
-2;310500;Ruby;Vinnie;STARFRUIT;SEASHELLS;4964.0;1
-2;310600;Remy;Vladimir;AMETHYSTS;SEASHELLS;10002.0;1
-2;310800;Remy;Valentina;STARFRUIT;SEASHELLS;4963.0;1
-2;310900;Ruby;Vinnie;AMETHYSTS;SEASHELLS;10004.0;2
-2;311500;Valentina;Amelia;STARFRUIT;SEASHELLS;4957.0;11
-2;311700;Vladimir;Remy;STARFRUIT;SEASHELLS;4958.0;2
-2;311700;Vinnie;Remy;AMETHYSTS;SEASHELLS;9996.0;2
-2;312300;Vinnie;Remy;AMETHYSTS;SEASHELLS;9996.0;2
-2;312300;Valentina;Remy;STARFRUIT;SEASHELLS;4957.0;2
-2;312600;Amelia;Vinnie;AMETHYSTS;SEASHELLS;10004.0;2
-2;312600;Amelia;Valentina;AMETHYSTS;SEASHELLS;10004.0;8
-2;313100;Valentina;Remy;STARFRUIT;SEASHELLS;4957.0;1
-2;313100;Valentina;Ruby;AMETHYSTS;SEASHELLS;9996.0;1
-2;313100;Vinnie;Ruby;AMETHYSTS;SEASHELLS;9996.0;2
-2;313200;Valentina;Remy;STARFRUIT;SEASHELLS;4957.0;1
-2;313600;Ruby;Valentina;AMETHYSTS;SEASHELLS;10005.0;5
-2;313700;Valentina;Rhianna;AMETHYSTS;SEASHELLS;9998.0;2
-2;313700;Vladimir;Rhianna;AMETHYSTS;SEASHELLS;9998.0;2
-2;314000;Rhianna;Vladimir;AMETHYSTS;SEASHELLS;10002.0;1
-2;314100;Remy;Vladimir;AMETHYSTS;SEASHELLS;10002.0;1
-2;314200;Amelia;Valentina;STARFRUIT;SEASHELLS;4961.0;11
-2;314200;Rhianna;Valentina;STARFRUIT;SEASHELLS;4958.0;2
-2;314700;Valentina;Remy;STARFRUIT;SEASHELLS;4955.0;2
-2;314700;Remy;Remy;AMETHYSTS;SEASHELLS;10002.0;1
-2;315300;Rhianna;Vladimir;AMETHYSTS;SEASHELLS;10002.0;5
-2;315500;Amelia;Valentina;STARFRUIT;SEASHELLS;4962.0;12
-2;315500;Amelia;Vladimir;STARFRUIT;SEASHELLS;4962.0;2
-2;315500;Vladimir;Amelia;AMETHYSTS;SEASHELLS;9998.0;2
-2;315800;Remy;Valentina;STARFRUIT;SEASHELLS;4964.0;1
-2;315800;Remy;Vladimir;AMETHYSTS;SEASHELLS;10002.0;1
-2;316200;Remy;Vinnie;AMETHYSTS;SEASHELLS;10004.0;2
-2;316200;Remy;Vinnie;STARFRUIT;SEASHELLS;4964.0;2
-2;316600;Remy;Valentina;STARFRUIT;SEASHELLS;4966.0;1
-2;316600;Remy;Valentina;AMETHYSTS;SEASHELLS;10005.0;1
-2;316800;Vladimir;Remy;STARFRUIT;SEASHELLS;4960.0;1
-2;316900;Remy;Valentina;STARFRUIT;SEASHELLS;4965.0;1
-2;317400;Valentina;Remy;STARFRUIT;SEASHELLS;4960.0;1
-2;317700;Rhianna;Vladimir;AMETHYSTS;SEASHELLS;10002.0;1
-2;317800;Valentina;Rhianna;AMETHYSTS;SEASHELLS;9998.0;3
-2;317900;Remy;Vladimir;STARFRUIT;SEASHELLS;4964.0;1
-2;318000;Valentina;Rhianna;AMETHYSTS;SEASHELLS;9998.0;1
-2;318600;Rhianna;Adam;AMETHYSTS;SEASHELLS;10002.0;2
-2;318700;Remy;Valentina;STARFRUIT;SEASHELLS;4966.0;1
-2;318800;Adam;Rhianna;STARFRUIT;SEASHELLS;4962.0;3
-2;319000;Valentina;Remy;AMETHYSTS;SEASHELLS;9998.0;1
-2;319500;Valentina;Remy;STARFRUIT;SEASHELLS;4961.0;1
-2;319600;Valentina;Vinnie;STARFRUIT;SEASHELLS;4964.0;5
-2;319800;Remy;Vinnie;AMETHYSTS;SEASHELLS;10002.0;1
-2;320100;Valentina;Remy;AMETHYSTS;SEASHELLS;9998.0;1
-2;320300;Remy;Vinnie;AMETHYSTS;SEASHELLS;10004.0;1
-2;320300;Remy;Valentina;STARFRUIT;SEASHELLS;4969.0;1
-2;320500;Vinnie;Remy;STARFRUIT;SEASHELLS;4963.0;1
-2;320900;Ruby;Valentina;AMETHYSTS;SEASHELLS;10005.0;3
-2;321100;Valentina;Vinnie;STARFRUIT;SEASHELLS;4965.0;4
-2;321300;Remy;Valentina;STARFRUIT;SEASHELLS;4968.0;2
-2;321300;Remy;Vinnie;AMETHYSTS;SEASHELLS;10004.0;2
-2;321600;Vladimir;Remy;STARFRUIT;SEASHELLS;4961.0;1
-2;321800;Valentina;Remy;STARFRUIT;SEASHELLS;4960.0;1
-2;321900;Vinnie;Remy;AMETHYSTS;SEASHELLS;9996.0;1
-2;321900;Vinnie;Remy;STARFRUIT;SEASHELLS;4960.0;1
-2;322000;Valentina;Remy;STARFRUIT;SEASHELLS;4960.0;1
-2;322100;Valentina;Remy;STARFRUIT;SEASHELLS;4960.0;1
-2;322900;Valentina;Remy;STARFRUIT;SEASHELLS;4960.0;1
-2;323200;Amelia;Valentina;STARFRUIT;SEASHELLS;4966.0;15
-2;323900;Valentina;Vinnie;STARFRUIT;SEASHELLS;4963.0;4
-2;324100;Vladimir;Remy;AMETHYSTS;SEASHELLS;9998.0;2
-2;324100;Valentina;Remy;STARFRUIT;SEASHELLS;4960.0;2
-2;324200;Rhianna;Valentina;STARFRUIT;SEASHELLS;4965.0;5
-2;324200;Valentina;Remy;AMETHYSTS;SEASHELLS;9998.0;1
-2;324300;Remy;Valentina;STARFRUIT;SEASHELLS;4966.0;1
-2;324600;Valentina;Ruby;AMETHYSTS;SEASHELLS;9995.0;6
-2;325000;Ruby;Valentina;AMETHYSTS;SEASHELLS;10005.0;5
-2;325100;Valentina;Remy;STARFRUIT;SEASHELLS;4961.0;1
-2;325100;Vinnie;Remy;AMETHYSTS;SEASHELLS;9996.0;1
-2;325500;Remy;Vladimir;STARFRUIT;SEASHELLS;4967.0;1
-2;326000;Vinnie;Amelia;AMETHYSTS;SEASHELLS;9996.0;2
-2;326200;Valentina;Remy;STARFRUIT;SEASHELLS;4963.0;1
-2;326300;Vinnie;Remy;STARFRUIT;SEASHELLS;4964.0;1
-2;326400;Remy;Valentina;STARFRUIT;SEASHELLS;4969.0;1
-2;326600;Remy;Valentina;STARFRUIT;SEASHELLS;4969.0;1
-2;326700;Remy;Vladimir;STARFRUIT;SEASHELLS;4969.0;1
-2;326900;Remy;Vladimir;AMETHYSTS;SEASHELLS;10002.0;1
-2;326900;Valentina;Remy;STARFRUIT;SEASHELLS;4964.0;1
-2;327000;Valentina;Amelia;STARFRUIT;SEASHELLS;4963.0;15
-2;327100;Rhianna;Valentina;AMETHYSTS;SEASHELLS;10002.0;2
-2;327700;Vinnie;Remy;STARFRUIT;SEASHELLS;4966.0;1
-2;327800;Valentina;Remy;STARFRUIT;SEASHELLS;4966.0;1
-2;327800;Vinnie;Remy;AMETHYSTS;SEASHELLS;9996.0;1
-2;328000;Adam;Valentina;STARFRUIT;SEASHELLS;4971.0;7
-2;328400;Valentina;Rhianna;STARFRUIT;SEASHELLS;4968.0;2
-2;328400;Valentina;Remy;STARFRUIT;SEASHELLS;4967.0;1
-2;328600;Remy;Valentina;STARFRUIT;SEASHELLS;4972.0;1
-2;328900;Valentina;Remy;STARFRUIT;SEASHELLS;4967.0;1
-2;329000;Remy;Vladimir;STARFRUIT;SEASHELLS;4972.0;1
-2;329100;Amelia;Valentina;AMETHYSTS;SEASHELLS;10005.0;10
-2;329300;Vladimir;Remy;AMETHYSTS;SEASHELLS;9998.0;1
-2;329700;Valentina;Remy;AMETHYSTS;SEASHELLS;9998.0;1
-2;329800;Ruby;Vinnie;AMETHYSTS;SEASHELLS;10004.0;1
-2;329800;Ruby;Valentina;AMETHYSTS;SEASHELLS;10004.0;3
-2;330400;Vladimir;Remy;STARFRUIT;SEASHELLS;4968.0;1
-2;330600;Valentina;Ruby;AMETHYSTS;SEASHELLS;9998.0;3
-2;330600;Vladimir;Ruby;AMETHYSTS;SEASHELLS;9998.0;2
-2;331100;Remy;Valentina;AMETHYSTS;SEASHELLS;10002.0;1
-2;331200;Remy;Valentina;AMETHYSTS;SEASHELLS;10002.0;1
-2;331300;Valentina;Remy;STARFRUIT;SEASHELLS;4969.0;1
-2;331400;Valentina;Remy;AMETHYSTS;SEASHELLS;9998.0;1
-2;331600;Rhianna;Valentina;STARFRUIT;SEASHELLS;4973.0;4
-2;331700;Valentina;Remy;AMETHYSTS;SEASHELLS;9998.0;1
-2;331800;Vinnie;Remy;AMETHYSTS;SEASHELLS;9998.0;1
-2;331800;Vinnie;Remy;AMETHYSTS;SEASHELLS;10000.0;1
-2;331800;Vinnie;Remy;STARFRUIT;SEASHELLS;4972.0;1
-2;332200;Vladimir;Ruby;STARFRUIT;SEASHELLS;4969.0;8
-2;332200;Valentina;Ruby;STARFRUIT;SEASHELLS;4969.0;2
-2;332500;Remy;Valentina;AMETHYSTS;SEASHELLS;10002.0;1
-2;333100;Remy;Vinnie;AMETHYSTS;SEASHELLS;10004.0;2
-2;333100;Remy;Valentina;STARFRUIT;SEASHELLS;4976.0;2
-2;333300;Valentina;Remy;STARFRUIT;SEASHELLS;4970.0;1
-2;333500;Valentina;Amelia;AMETHYSTS;SEASHELLS;9995.0;9
-2;333600;Ruby;Vinnie;STARFRUIT;SEASHELLS;4972.0;2
-2;333900;Rhianna;Valentina;AMETHYSTS;SEASHELLS;10002.0;2
-2;334100;Valentina;Remy;STARFRUIT;SEASHELLS;4971.0;1
-2;334300;Vladimir;Remy;STARFRUIT;SEASHELLS;4970.0;1
-2;334500;Valentina;Remy;STARFRUIT;SEASHELLS;4971.0;1
-2;335000;Remy;Valentina;STARFRUIT;SEASHELLS;4976.0;1
-2;335300;Valentina;Remy;AMETHYSTS;SEASHELLS;9998.0;1
-2;335400;Remy;Vladimir;AMETHYSTS;SEASHELLS;10002.0;1
-2;335500;Valentina;Ruby;STARFRUIT;SEASHELLS;4970.0;12
-2;335600;Valentina;Vinnie;STARFRUIT;SEASHELLS;4974.0;6
-2;335800;Valentina;Remy;AMETHYSTS;SEASHELLS;9998.0;1
-2;336000;Valentina;Ruby;AMETHYSTS;SEASHELLS;9995.0;8
-2;336200;Remy;Valentina;STARFRUIT;SEASHELLS;4979.0;1
-2;336200;Remy;Rhianna;AMETHYSTS;SEASHELLS;9998.0;1
-2;336400;Remy;Valentina;STARFRUIT;SEASHELLS;4977.0;1
-2;336500;Vladimir;Rhianna;AMETHYSTS;SEASHELLS;9998.0;3
-2;336600;Valentina;Remy;STARFRUIT;SEASHELLS;4972.0;2
-2;336600;Vinnie;Remy;AMETHYSTS;SEASHELLS;9996.0;2
-2;336700;Valentina;Remy;STARFRUIT;SEASHELLS;4972.0;1
-2;336800;Vinnie;Ruby;AMETHYSTS;SEASHELLS;9996.0;1
-2;336800;Valentina;Ruby;AMETHYSTS;SEASHELLS;9996.0;2
-2;336800;Valentina;Remy;AMETHYSTS;SEASHELLS;9998.0;1
-2;336900;Vladimir;Remy;STARFRUIT;SEASHELLS;4972.0;1
-2;337100;Valentina;Remy;AMETHYSTS;SEASHELLS;9998.0;1
-2;337200;Vladimir;Remy;AMETHYSTS;SEASHELLS;9998.0;2
-2;337200;Rhianna;Remy;STARFRUIT;SEASHELLS;4975.0;2
-2;337200;Vladimir;Ruby;AMETHYSTS;SEASHELLS;9998.0;2
-2;337500;Rhianna;Valentina;AMETHYSTS;SEASHELLS;10002.0;5
-2;337600;Vinnie;Remy;AMETHYSTS;SEASHELLS;9996.0;1
-2;337600;Valentina;Remy;STARFRUIT;SEASHELLS;4971.0;1
-2;337800;Valentina;Adam;STARFRUIT;SEASHELLS;4972.0;7
-2;337900;Valentina;Remy;STARFRUIT;SEASHELLS;4972.0;1
-2;338200;Valentina;Vinnie;STARFRUIT;SEASHELLS;4972.0;3
-2;338300;Remy;Vinnie;AMETHYSTS;SEASHELLS;10004.0;1
-2;338300;Vinnie;Remy;STARFRUIT;SEASHELLS;4969.0;1
-2;338300;Remy;Vladimir;STARFRUIT;SEASHELLS;4973.0;1
-2;338600;Remy;Vladimir;STARFRUIT;SEASHELLS;4973.0;1
-2;339000;Valentina;Remy;AMETHYSTS;SEASHELLS;9998.0;1
-2;339600;Remy;Valentina;STARFRUIT;SEASHELLS;4974.0;1
-2;339900;Vladimir;Remy;AMETHYSTS;SEASHELLS;9998.0;1
-2;340100;Remy;Valentina;STARFRUIT;SEASHELLS;4974.0;1
-2;340500;Remy;Valentina;STARFRUIT;SEASHELLS;4974.0;1
-2;340700;Valentina;Amelia;AMETHYSTS;SEASHELLS;9996.0;2
-2;340700;Vinnie;Amelia;AMETHYSTS;SEASHELLS;9996.0;2
-2;340700;Ruby;Amelia;AMETHYSTS;SEASHELLS;9996.0;8
-2;340900;Valentina;Amelia;STARFRUIT;SEASHELLS;4970.0;11
-2;341000;Amelia;Vinnie;AMETHYSTS;SEASHELLS;10004.0;2
-2;341200;Valentina;Rhianna;STARFRUIT;SEASHELLS;4971.0;3
-2;341200;Valentina;Ruby;AMETHYSTS;SEASHELLS;9996.0;1
-2;341200;Vinnie;Ruby;AMETHYSTS;SEASHELLS;9996.0;1
-2;341300;Remy;Valentina;STARFRUIT;SEASHELLS;4975.0;1
-2;341300;Rhianna;Valentina;AMETHYSTS;SEASHELLS;10002.0;1
-2;341400;Vladimir;Remy;AMETHYSTS;SEASHELLS;9998.0;1
-2;341400;Valentina;Remy;STARFRUIT;SEASHELLS;4970.0;1
-2;341500;Remy;Vladimir;STARFRUIT;SEASHELLS;4976.0;1
-2;341900;Valentina;Remy;AMETHYSTS;SEASHELLS;9998.0;1
-2;342100;Valentina;Remy;STARFRUIT;SEASHELLS;4971.0;1
-2;342300;Valentina;Remy;STARFRUIT;SEASHELLS;4971.0;1
-2;342600;Ruby;Adam;STARFRUIT;SEASHELLS;4971.0;7
-2;342900;Remy;Valentina;STARFRUIT;SEASHELLS;4977.0;2
-2;342900;Remy;Valentina;AMETHYSTS;SEASHELLS;10005.0;2
-2;343700;Remy;Valentina;AMETHYSTS;SEASHELLS;10002.0;1
-2;343700;Valentina;Remy;STARFRUIT;SEASHELLS;4973.0;1
-2;344100;Remy;Amelia;AMETHYSTS;SEASHELLS;10002.0;1
-2;344200;Vinnie;Ruby;AMETHYSTS;SEASHELLS;9996.0;2
-2;344300;Remy;Valentina;AMETHYSTS;SEASHELLS;10002.0;1
-2;344800;Remy;Valentina;STARFRUIT;SEASHELLS;4978.0;1
-2;345100;Valentina;Remy;STARFRUIT;SEASHELLS;4974.0;1
-2;345400;Vinnie;Remy;AMETHYSTS;SEASHELLS;9998.0;1
-2;345500;Valentina;Remy;AMETHYSTS;SEASHELLS;9998.0;1
-2;345500;Valentina;Rhianna;STARFRUIT;SEASHELLS;4974.0;2
-2;345800;Valentina;Ruby;AMETHYSTS;SEASHELLS;9996.0;5
-2;345800;Vinnie;Ruby;AMETHYSTS;SEASHELLS;9996.0;1
-2;345900;Vladimir;Remy;STARFRUIT;SEASHELLS;4974.0;1
-2;346200;Valentina;Ruby;AMETHYSTS;SEASHELLS;9996.0;6
-2;346200;Vinnie;Ruby;AMETHYSTS;SEASHELLS;9996.0;1
-2;346400;Remy;Vladimir;AMETHYSTS;SEASHELLS;10002.0;1
-2;346600;Amelia;Vinnie;AMETHYSTS;SEASHELLS;10004.0;1
-2;347100;Valentina;Remy;AMETHYSTS;SEASHELLS;9998.0;1
-2;347500;Remy;Vladimir;AMETHYSTS;SEASHELLS;10002.0;2
-2;347500;Remy;Vinnie;STARFRUIT;SEASHELLS;4979.0;1
-2;347800;Vinnie;Remy;STARFRUIT;SEASHELLS;4973.0;1
-2;347800;Amelia;Valentina;STARFRUIT;SEASHELLS;4979.0;8
-2;348600;Remy;Vladimir;STARFRUIT;SEASHELLS;4979.0;1
-2;348700;Valentina;Vinnie;STARFRUIT;SEASHELLS;4977.0;3
-2;348800;Valentina;Remy;STARFRUIT;SEASHELLS;4975.0;1
-2;349200;Valentina;Remy;STARFRUIT;SEASHELLS;4974.0;1
-2;349400;Remy;Valentina;STARFRUIT;SEASHELLS;4980.0;1
-2;349400;Ruby;Valentina;AMETHYSTS;SEASHELLS;10004.0;6
-2;349400;Ruby;Vinnie;AMETHYSTS;SEASHELLS;10004.0;1
-2;349500;Remy;Valentina;STARFRUIT;SEASHELLS;4980.0;1
-2;349600;Vinnie;Remy;AMETHYSTS;SEASHELLS;9996.0;1
-2;349600;Valentina;Remy;STARFRUIT;SEASHELLS;4975.0;1
-2;350400;Valentina;Remy;STARFRUIT;SEASHELLS;4976.0;1
-2;350400;Ruby;Valentina;AMETHYSTS;SEASHELLS;10002.0;3
-2;350400;Ruby;Vladimir;AMETHYSTS;SEASHELLS;10002.0;3
-2;350600;Amelia;Valentina;STARFRUIT;SEASHELLS;4981.0;9
-2;350700;Valentina;Rhianna;AMETHYSTS;SEASHELLS;9998.0;5
-2;350800;Vinnie;Remy;AMETHYSTS;SEASHELLS;9996.0;2
-2;350800;Vinnie;Remy;STARFRUIT;SEASHELLS;4975.0;1
-2;350800;Valentina;Remy;STARFRUIT;SEASHELLS;4975.0;1
-2;350900;Remy;Valentina;AMETHYSTS;SEASHELLS;10002.0;1
-2;351000;Remy;Valentina;STARFRUIT;SEASHELLS;4980.0;1
-2;351000;Vladimir;Remy;AMETHYSTS;SEASHELLS;9998.0;1
-2;351400;Remy;Valentina;AMETHYSTS;SEASHELLS;10005.0;2
-2;351400;Remy;Valentina;STARFRUIT;SEASHELLS;4983.0;2
-2;351500;Valentina;Remy;STARFRUIT;SEASHELLS;4976.0;1
-2;351800;Ruby;Valentina;AMETHYSTS;SEASHELLS;10004.0;4
-2;351800;Rhianna;Valentina;AMETHYSTS;SEASHELLS;10002.0;2
-2;351800;Ruby;Vinnie;AMETHYSTS;SEASHELLS;10004.0;2
-2;352200;Remy;Valentina;AMETHYSTS;SEASHELLS;10002.0;1
-2;352800;Valentina;Remy;STARFRUIT;SEASHELLS;4977.0;1
-2;352800;Valentina;Vinnie;STARFRUIT;SEASHELLS;4980.0;4
-2;352900;Remy;Valentina;STARFRUIT;SEASHELLS;4982.0;1
-2;353100;Vinnie;Remy;AMETHYSTS;SEASHELLS;9996.0;1
-2;353100;Valentina;Remy;STARFRUIT;SEASHELLS;4977.0;1
